2184 4074
1005 419 1078 473 33

232 586 294 644 p.
334 565 501 639 143),
547 565 737 621 Escur.
771 581 829 623 n.
867 563 959 627 47,
982 563 1046 616 30
1076 570 1132 617 et
1177 561 1246 615 67
1287 557 1482 632 (Gasir.
1519 560 1566 617 Ι.
1605 580 1661 636 p.
1701 562 1768 616 13
1788 579 1839 620 a.

235 654 293 699 et
333 645 400 698 17
436 638 555 713 b.),
598 638 907 695 Vindobon.
941 657 997 694 n.
1037 640 1144 692 413
1195 637 1492 710 (Hammer.
1546 656 1603 711 p.
1645 636 1738 707 42)
1787 646 1846 691 et

236 739 296 775 n.
334 721 368 772 2
390 759 406 784 ,
439 721 473 772 3
505 726 559 771 et
594 719 627 771 4
662 712 828 790 (apud
861 712 1073 788 Fliigel.
1110 713 1166 768 in
1201 711 1414 768 Jahrb.
1450 711 1508 768 d.
1542 711 1666 767 Lit.
1716 710 1842 769 Vol.

237 796 310 849 97
343 794 495 850 Anz.
515 792 614 848 ΒΖ.
647 811 705 866 p.
725 794 759 845 6
780 790 918 865 seq.)
941 831 956 855 ,
980 798 1116 846 caet.
1183 788 1336 843 Libri
1362 798 1539 843 autem
1558 829 1573 853 ‚
1609 787 1704 861 qui
1739 785 1846 841 hoc

237 866 441 925 Codice
495 868 836 932 continetur,
890 865 1100 920 nullum
1149 863 1296 918 aliud
1354 863 1657 939 exemplum
1706 860 1848 916 mihi

236 954 426 999 notum
456 953 570 1009 est,
616 952 671 998 et
702 932 985 1013 flagi-Cal.
1019 958 1235 1014 quoque
1277 959 1378 994 nec
1425 941 1482 995 in
1531 940 1652 994 loco
1683 936 1845 992 modo

235 1018 381 1076 laud.
415 1019 559 1072 illius
588 1017 917 1073 mentionem
950 1015 1116 1080 fecit,
1149 1034 1250 1070 nec
1292 1016 1510 1071 titulum
1539 1016 1652 1089 ejus
1680 1010 1849 1082 &3455

234 1107 374 1193 fif-ii
397 1108 596 1183 attigit.
654 1106 819 1182 Cujus
847 1106 928 1162 rei
955 1104 1097 1161 hanc
1131 1123 1343 1160 causam
1373 1125 1483 1160 esse
1512 1115 1647 1179 puto
1665 1146 1682 1171 ,
1701 1102 1843 1179 quod

229 1210 420 1255 auctor
449 1200 564 1272 ejus
596 1210 716 1272 post
746 1188 1028 1270 flagi-Cal.
1046 1197 1271 1258 vixeritg
1304 1215 1428 1251 nam
1449 1237 1465 1262 ,
1488 1196 1589 1250 etsi
1618 1188 1849 1251 aetatem

229 1274 377 1330 illius
414 1274 632 1329 aliunde
668 1274 891 1328 definire
923 1292 1032 1327 non
1064 1290 1280 1346 possum
1299 1312 1314 1337 ,
1349 1290 1379 1326 e
1409 1271 1582 1326 titulis
1628 1281 1806 1326 tamen
1829 1310 1847 1336 ,

233 1350 331 1423 qui
367 1350 450 1423 (ut
484 1369 643 1424 supra
677 1349 809 1421 dixi)
847 1348 902 1402 in
938 1347 1097 1420 hujus
1130 1346 1344 1403 Codicis
1375 1346 1534 1402 initio
1568 1347 1619 1402 ei
1652 1346 1850 1402 tributi

229 1433 388 1489 sunt,
440 1424 722 1478 manifesto
767 1441 1024 1498 apparere
1060 1421 1309 1488 videtur,
1349 1441 1473 1479 eum
1511 1422 1719 1477 scribae
1756 1419 1850 1496 isti

231 1497 507 1572 aequalem
540 1499 701 1553 fuisse
732 1509 785 1552 et
820 1497 992 1572 priori
1026 1515 1152 1571 ergo
1186 1506 1340 1571 parte
1376 1497 1575 1552 saeculi
1624 1501 1722 1553 Ar.
1762 1499 1849 1552 12¹

232 1573 441 1630 vixisse.
521 1573 730 1631 Collato
761 1573 903 1628 libro
935 1571 1173 1629 &bu-Si
1212 1574 1362 1664 ἐκώ
1385 1614 1401 1639 ,
1442 1573 1627 1628 revera
1664 1590 1847 1628 omnes

231 1663 327 1735 qui
359 1663 414 1717 in
448 1683 510 1718 eo
556 1666 708 1720 citati
741 1674 912 1719 essent
943 1671 1226 1737 poetarum
1261 1683 1437 1719 versus
1455 1705 1472 1730 ,
1511 1662 1604 1719 hic
1637 1683 1700 1718 ex
1748 1683 1849 1718 or-

231 1737 356 1791 dine
390 1741 653 1794 recenseri
685 1750 738 1794 et
768 1739 1024 1814 explicari
1056 1739 1319 1812 cognovi:
1344 1739 1489 1814 quod
1520 1741 1596 1794 ita
1627 1739 1849 1812 quidem

232 1811 433 1867 factum
454 1856 469 1879 ,
510 1826 571 1869 ut
610 1815 848 1889 primum
893 1815 959 1868 de
989 1824 1162 1868 metro
1195 1815 1527 1890 singulorum
1559 1833 1807 1870 versuum
1828 1854 1846 1879 ,

232 1896 346 1942 tum
381 1889 447 1942 de
478 1891 695 1944 nomine
730 1901 784 1945 et
815 1899 987 1944 aetate
1020 1897 1340 1964 poetarum,
1390 1901 1506 1945 tum
1540 1890 1606 1944 de
1643 1890 1848 1944 carmi-

231 1961 392 2017 nibus
435 1984 661 2038 quorum
714 1985 837 2039 pars
883 1966 1024 2030 sint,
1085 1982 1147 2019 ac
1194 1964 1430 2040 denique
1473 1965 1542 2019 de
1604 1964 1845 2038 ipsorum

229 2055 383 2092 sensu
410 2040 479 2094 sit
516 2041 836 2115 expositum.
910 2040 1025 2114 Ipsi
1051 2040 1136 2094 illi
1174 2060 1354 2096 versus
1386 2060 1486 2117 per
1528 2049 1702 2096 totum
1741 2039 1849 2097 Co·-

227 2110 404 2169 dicem
437 2115 604 2171 rubro
638 2116 818 2172 colore
856 2115 1100 2171 distincti
1135 2126 1276 2175 sunt.

873 2233 946 2292 N.
1003 2234 1183 2291 XIX.

424 2333 516 2398 (Ex
545 2332 718 2382 Willm.
756 2333 856 2383 Cat.
888 2342 940 2383 n.
968 2332 1033 2382 63
1062 2333 1111 2383 in
1143 2350 1192 2399 p.
1218 2332 1298 2383 12.
1367 2335 1440 2384 Ab
1477 2334 1563 2385 hoc
1593 2340 1740 2385 emtus
1781 2339 1847 2385 est

487 2418 512 2450 e
539 2401 648 2450 bibl.
669 2401 932 2450 Walravenz'
946 2437 959 2463 ,
988 2402 1118 2466 cujus
1145 2399 1244 2450 vide
1276 2401 1376 2451 cat.
1407 2420 1455 2468 p.
1477 2404 1543 2452 59
1579 2420 1628 2453 n.
1650 2404 1755 2467 39.)

307 2511 485 2568 Codex
518 2513 574 2567 in
615 2510 714 2578 80,
753 2513 1010 2568 foliorum
1047 2516 1184 2578 152,
1233 2515 1340 2569 una
1382 2532 1545 2570 manu
1579 2535 1688 2570 non
1719 2515 1846 2570 ubi-

225 2606 329 2662 que
361 2589 645 2663 perspicua
678 2589 942 2664 scriptus,
974 2588 1122 2645 char.
1153 2597 1359 2672 fimo
1399 2591 1465 2646 ad
1504 2593 1693 2660 &stlat-'s
1727 2610 1846 2647 ver-
1886 2643 1891 2647 .

224 2689 380 2752 gente
405 2721 419 2744 ,
459 2689 512 2734 et
547 2679 680 2734 bene
713 2692 1042 2756 compactus,
1114 2680 1193 2735 De
1225 2680 1397 2735 tribus
1433 2701 1565 2756 quos
1599 2683 1843 2738 continet

228 2754 382 2808 libris
403 2795 415 2817 ‚
453 2755 691 2828 primum
726 2776 779 2811 se
809 2757 1092 2810 absolvisse
1131 2755 1307 2809 scriba
1343 2757 1617 2812 annotavit
1661 2777 1845 2813 mense

226 2829 458 2894 Gomadi‘i
506 2832 791 2905 posteriori
839 2853 888 2888 a.
925 2834 1066 2886 1025
1089 2872 1104 2896 ,
1143 2840 1198 2884 et
1233 2832 1450 2885 tertium
1500 2851 1680 2887 mense
1713 2834 1843 2887 Mo·-

226 2903 473 2964 barrama
506 2925 554 2962 a.
582 2908 757 2972 1026,
792 2907 920 2967 dum
955 2917 1231 2982 praeterea
1263 2906 1318 2960 in
1348 2905 1509 2979 hujus
1538 2918 1592 2963 et
1619 2904 1842 2963 secundi

224 3023 332 3079 fine
379 3043 575 3082 nomen
626 3046 777 3083 suum
825 3026 1066 3082 addidit:
1109 3038 1296 3084 axo-<u
1329 3050 1404 3110 0¹?
1454 3029 1627 3113 &9245
1666 3012 1841 3123 “gl-<xli

224 3137 390 3196 Um>
433 3119 548 3198 θεῖ.
626 3118 850 3173 Infimae
889 3118 1204 3193 paginarum
1250 3137 1374 3172 orae
1412 3129 1708 3174 atramento
1753 3120 1840 3175 in-

228 3206 477 3278 quinatae
519 3220 661 3265 sunt.
756 3210 802 3264 A
842 3212 1115 3283 p.-1-32
1172 3210 1390 3264 offertur
1439 3210 1655 3265 libellus
1695 3213 1838 3285 ejus-

227 3281 348 3335 dem
370 3323 385 3346 ,
411 3281 478 3336 de
505 3302 610 3358 quo
643 3284 802 3339 modo
833 3285 1075 3339 dicebam
1097 3326 1112 3350 ,
1129 3285 1491 3339 ’Ibn-Hi's'amz’
1508 3327 1523 3352 ‚
1547 3285 1838 3361 inscriptus

229 3379 414 3482 295525'5
447 3393 610 3478 04:533
643 3429 733 3487 σε
769 3385 977 3485 ῳζὲὅὶ.
1071 3407 1233 3462 Totus
1274 3426 1305 3462 a
1343 3406 1516 3480 Sacyo
1553 3418 1630 3464 est
1660 3406 1836 3465 editus

367 3491 394 3518 ὅ
464 3491 481 3502 e
511 3493 527 3504 ν
907 3495 934 3522 ἓ

1496 3541 1527 3592 5
