2184 4074
984 402 1085 452 157

871 587 935 643 N.
982 584 1210 641 CXVI.

430 727 516 789 (Ex
565 725 732 775 Willm.
771 725 866 774 Cat.
905 742 948 774 n.
991 725 1078 784 13,
1126 741 1168 788 p.
1204 723 1251 774 6.
1341 722 1606 786 Incertum,
1646 724 1762 775 unde
1800 726 1853 774 ad

503 795 627 844 hunc
660 792 866 857 venerit.)

313 938 488 995 Codex
521 940 575 992 in
615 938 735 1003 fol„
789 939 900 991 600
938 937 1290 1023 paginarum,
1343 936 1399 989 in
1441 935 1622 990 charta
1660 936 1855 992 lineat&

236 1015 460 1089 scriptus
501 1013 734 1069 charact.
777 1012 984 1097 ὕὲιωὰ
1022 1011 1211 1084 majori
1263 1022 1315 1065 et
1361 1010 1510 1067 valde
1557 1013 1855 1086 perspicuo.

238 1104 555 1180 Compactus
589 1115 666 1160 est
695 1104 920 1179 ligatura
948 1102 1192 1158 orientali
1229 1113 1280 1156 et
1312 1102 1447 1158 bene
1483 1115 1854 1170 conservatus3

234 1183 379 1235 omni
415 1180 796 1254 subscriptione
845 1189 1006 1235 caret.
1103 1179 1277 1232 Etiam
1317 1189 1394 1233 est
1436 1180 1650 1250 Qor·z‘1nz'
1688 1199 1860 1235 exem-

235 1258 383 1331 plar,
425 1256 585 1330 idque
625 1255 870 1311 nitidum.

863 1406 931 1462 N.
977 1404 1243 1460 CXVII.

437 1535 525 1598 (Ex
557 1533 724 1582 Willm.
763 1534 858 1581 cat.
891 1550 938 1583 n.
962 1533 1048 1593 14,
1086 1550 1128 1597 p.
1150 1531 1197 1582 6.
1270 1531 1339 1579 Ab
1374 1531 1458 1580 hoc
1492 1549 1528 1582 a.
1555 1530 1683 1581 1806
1719 1538 1863 1582 emtus

512 1607 576 1651 est
610 1617 662 1650 ex
700 1600 806 1649 bibl.
844 1600 1042 1667 Tulliugi
1071 1617 1112 1649 v.
1139 1599 1439 1660 Oldenbern.)

321 1737 495 1793 Codex
532 1738 586 1790 in
626 1736 717 1790 fol.
753 1737 880 1790 min.
904 1739 1070 1802 ‚712
1094 1737 1437 1812 paginarum,
1480 1737 1702 1828 scriptus
1738 1737 1863 1790 cha-

245 1825 376 1869 ract.
418 1812 622 1896 όεςιω
662 1811 884 1884 majori,
908 1830 1071 1866 manu
1111 1809 1395 1865 admodum
1427 1813 1720 1885 perspicua.
1777 1809 1866 1865 Li-

247 1905 432 1980 gatura
486 1902 729 1958 orientali
767 1902 1151 1977 elegantissime
1192 1911 1495 1976 compactus
1536 1912 1631 1956 est.
1728 1902 1870 1956 Anni

245 1991 371 2035 nota
411 1989 464 2035 et
502 1998 696 2035 nomen
735 1978 937 2033 scribae
980 1998 1087 2033 non
1127 1989 1507 2034 memo-rantur
1610 1978 1703 2031 Est
1757 1985 1868 2031 ter·

250 2060 392 2110 tium
445 2056 591 2126 Qor·
566 2074 656 2109 ant
695 2055 959 2128 exemplar
1008 2055 1168 2143 idque
1221 2053 1597 2108 nitidissimum
1648 2063 1700 2107 et
1741 2072 1868 2108 auro

251 2142 513 2189 ornatum.
594 2130 659 2184 In
705 2129 879 2184 medio
932 2132 1226 2185 sectionum
1263 2149 1519 2194 numem,
1574 2147 1765 2203 nempe
1806 2129 1870 2181 ad

251 2206 371 2263 Sur.
404 2208 472 2261 18
514 2227 588 2260 vs,
614 2208 720 2271 74,
763 2206 857 2259 ubi
889 2208 1049 2261 sectio
1094 2209 1184 2261 163
1216 2206 1438 2279 incipit,
1481 2170 1616 2258 duae
1648 2204 1872 2278 paginae

253 2301 380 2336 auro
416 2282 677 2357 variisque
717 2281 978 2336 coloribus
1018 2281 1202 2340 eodem
1236 2246 1509 2355 splendido
1543 2280 1698 2334 modo
1753 2290 1874 2334 sunt

254 2358 566 2433 insignitae,
610 2376 714 2431 quo
753 2357 808 2413 in
845 2344 1050 2412 Codicis
1084 2357 1234 2412 initio
1285 2376 1346 2411 ac
1389 2356 1494 2410 fine
1533 2355 1634 2410 hoc
1674 2356 1873 2412 factum

258 2444 354 2490 est.

854 2553 919 2607 N.
977 2551 1282 2607 CXVIII.

463 2670 552 2736 (Ex
588 2672 763 2722 Willm.
802 2669 901 2722 Cat.
937 2690 981 2721 n.
1015 2673 1073 2720 15
1096 2707 1110 2732 ,
1144 2691 1185 2736 p.
1214 2672 1262 2722 6.
1335 2672 1404 2720 Ab
1450 2672 1533 2720 hoc
1568 2678 1711 2721 emtus
1760 2677 1823 2720 est
1859 2689 1882 2720 e

535 2739 642 2790 bibl.
681 2739 943 2790 Walravenz‘
962 2776 975 2801 ,
1006 2741 1079 2805 cuj
1091 2756 1139 2788 us
1170 2740 1270 2788 vide
1309 2739 1445 2788 Catal.
1481 2758 1527 2804 p.
1552 2739 1614 2788 57
1635 2776 1648 2800 ‚
1678 2758 1725 2788 n.
1756 2738 1814 2803 1.)

340 2871 514 2928 Codex
571 2876 627 2928 in
684 2875 774 2928 fol.
833 2877 996 2941 min.,
1072 2875 1179 2930 338
1237 2876 1548 2950 paginarum
1574 2917 1590 2941 ,
1653 2877 1880 2930 charact.

268 2951 563 3007 Mauritano
598 2969 704 3004 non
738 2950 1005 3024 eleganter
1043 2953 1264 3025 scriptus
1301 2962 1354 3006 et
1385 2962 1689 3024 tegumento
1725 2971 1883 3025 squa-

268 3026 407 3089 lido,
450 3045 511 3080 ex
539 3026 679 3079 corio
719 3027 868 3099 nigro
907 3027 1077 3091 facte,
1117 3038 1286 3081 tectus
1303 3047 1326 3093 ‚3
1371 3028 1641 3081 universus
1681 3026 1885 3082 Codicis

268 3101 479 3156 habitus
533 3101 766 3155 sordidus
818 3113 912 3156 est.
1014 3102 1091 3158 De
1144 3122 1280 3156 anno
1332 3103 1436 3156 sive
1488 3102 1701 3156 librario
1751 3102 1886 3156 nihil

272 3187 500 3230 notatur.
580 3178 672 3231 Est
711 3186 982 3250 quartum
1028 3181 1239 3265 Qoranz·
1269 3178 1551 3252 exemplar.
1633 3180 1694 3233 In
1734 3179 1885 3231 initio

273 3252 459 3305 folium
498 3271 662 3306 unum
705 3252 920 3318 excidit,
964 3254 1149 3307 folium
1189 3255 1476 3320 nimirum,
1522 3255 1662 3329 quod
1705 3253 1886 3309 ordine

276 3338 386 3383 erat
424 3329 671 3393 tertium3
719 3329 771 3382 in
814 3330 918 3382 finc
961 3333 992 3383 6
1025 3328 1187 3385 Surae
1229 3329 1434 3385 desunt.
