2184 4074
692 914 1492 991 PRAEFATIO.

952 1195 1266 1215 -.m-⁴00...-

365 1458 617 1512 Collectio
678 1455 966 1518 Codicum,
1029 1474 1254 1527 quorum
1320 1452 1632 1526 Catalogum
1693 1455 1903 1508 Lectori

288 1552 447 1606 offero
472 1595 485 1613 ‚
526 1552 634 1605 fere
674 1561 808 1612 tota,
852 1548 1175 1620 paucissimis
1209 1546 1440 1600 numeris
1483 1547 1742 1619 exceptiS,
1785 1567 1903 1620 pars

287 1645 386 1696 fuit
445 1643 793 1696 bibliothecae
864 1640 960 1693 viri
1014 1638 1298 1693 Clarissimi
1351 1636 1590 1693 Joannis'
1637 1640 1901 1694 Willmet.

289 1737 422 1799 Hic,
467 1757 513 1789 a.
565 1738 705 1788 1750
750 1732 1124 1786 Amstelodami
1169 1742 1324 1785 natus
1350 1773 1363 1796 ,
1408 1732 1577 1785 studia
1610 1733 1810 1805 peregit
1851 1734 1903 1785 in

293 1828 418 1882 urbe
451 1829 652 1901 patria,
694 1826 999 1898 praesertim
1035 1843 1154 1877 vero
1192 1824 1256 1876 ab
1293 1844 1339 1876 a.
1370 1827 1736 1877 1767—·1772
1773 1825 1904 1878 Har-

289 1921 482 1995 dervici
508 1960 522 1984 ,
573 1919 665 1972 ubi
714 1919 773 1972 Ε.
824 1917 1066 1972 Scheidio
1093 1958 1106 1982 ,
1165 1928 1216 1971 et
1257 1917 1449 1971 deinde
1504 1917 1753 1990 Lugduni
1807 1919 1902 1972 Ba-

290 2017 529 2066 tavorum
555 2054 568 2076 ,
625 2012 715 2064 ubi
755 2010 807 2064 J.
850 2010 904 2064 J.
951 2009 1285 2064 Schultensio
1340 2010 1597 2083 magistris
1641 2011 1935 2087 utebatuiy

291 2091 607 2178 Theologiae
643 2124 695 2157 se
732 2103 995 2156 dicaverat
1030 2114 1081 2157 et
1118 2122 1312 2157 munus
1347 2104 1504 2157 etiam
1534 2103 1695 2156 Verbi
1730 2103 1905 2158 nivini

289 2197 516 2250 Ministri
565 2198 630 2248 ab
684 2217 729 2249 a.
775 2200 914 2248 1777
971 2215 1066 2268 per
1124 2196 1350 2250 sedecim
1409 2214 1570 2254 annos
1628 2196 1903 2248 continuos

289 2288 418 2340 obiit
478 2290 532 2340 in
582 2289 726 2361 pagis
778 2286 1158 2358 Nederhemert
1199 2299 1250 2342 et
1303 2289 1514 2342 Loenen
1543 2329 1556 2353 ,
1619 2287 1745 2352 sed,
1802 2289 1905 2341 sive

290 2379 604 2452 Theologiae
658 2378 921 2444 studiose,
983 2381 1087 2433 sive
1161 2380 1322 2433 Verbi
1389 2381 1565 2434 Divin‘i
1624 2381 1862 2434 Ministro
1889 2422 1931 2447 ,-

289 2471 519 2527 studium
587 2473 880 2526 litterarum
953 2471 1303 2527 Orientalium
1362 2473 1640 2527 Willmeto
1701 2493 1904 2547 semper

289 2583 446 2618 curae
487 2564 736 2637 cordique
799 2575 926 2618 erat.
1023 2565 1263 2619 Gratum'
1297 2585 1418 2638 ergo
1474 2567 1522 2620 ei
1576 2567 1786 2630 evenit,
1847 2577 1905 2618 ut

289 2674 336 2709 a.
377 2660 519 2711 1793
546 2699 560 2720 ,
605 2657 666 2710 E.
711 2655 956 2710 Scheidio
995 2657 1243 2730 Lugduni
1284 2658 1603 2712 Batavorum
1641 2660 1696 2711 in
1728 2659 1904 2711 locum

289 2747 357 2802 Η.
404 2748 469 2802 A.
513 2748 833 2803 Schultensii
872 2750 1086 2804 suffecto
1113 2791 1126 2814 ,
1190 2750 1570 2805 Hardervicum
1630 2743 1904 2803 vocaretur

289 2850 346 2895 ut
390 2842 636 2914 magistro
678 2843 994 2896 succederet.
1095 2842 1213 2895 Non
1255 2844 1326 2895 ita
1384 2843 1576 2897 multos
1630 2842 1811 2894 annos*
1848 2843 1903 2894 in

287 2929 388 2982 hac
430 2931 558 2985 urbe
599 2932 792 3005 degit.-
856 2935 1176 2990 Walraveno
1232 2938 1370 2989 enim
1422 2956 1467 2988 a.
1515 2939 1654 2989 1804
1695 2946 1902 2989 mortuo

290 3032 343 3075 et
374 3041 593 3078 munere
631 3026 937 3083 Professoris
970 3028 1099 3100 ling.
1141 3027 1344 3083 Orient.
1376 3031 1430 3082 in
1473 3028 1744 3082 Athenaeo
1773 3028 1901 3081 Am·
1927 3095 1929 3097 ,

290 3114 654 3171 stelodamensi
694 3121 741 3172 ei
788 3119 959 3175 delato
987 3164 998 3185 ,
1043 3121 1106 3174 ad
1161 3122 1344 3176 urbem
1395 3122 1586 3185 rediit,
1631 3121 1722 3185 ubi
1763 3121 1901 3175 diem

287 3208 518 3278 primum
576 3200 812 3277 viderat,
876 3214 963 3268 sed
1015 3225 1066 3268 et
1117 3225 1439 3288 postremum
1477 3214 1664 3268 obiret.
1765 3213 1902 3266 Nam

291 3317 509 3354 munere
548 3302 686 3357 dicto
729 3305 792 3359 ad
826 3325 870 3360 a.
918 3309 1056 3361 1827
1104 3327 1265 3380 usque
1307 3309 1530 3363 functus·
1553 3318 1601 3363 et
1652 3306 1779 3362 rude
1812 3307 1899 3359 do-
