2184 4074
1102 383 1243 452 141„

387 548 600 606 endium
669 556 905 599 nostrum
977 545 1078 600 hoc
1142 546 1296 600 titulo
1357 556 1695 602 enumeratur
1750 547 1822 621 (v.
1879 547 1964 604 ed.

430 631 530 679 iist.
572 644 624 698 p.
658 629 707 677 v‘t
747 622 800 674 in
834 620 1038 694 Indice)
1062 663 1077 687 ,
1119 632 1171 677 et
1211 641 1333 677 ecce
1368 623 1424 677 in
1458 622 1700 676 omnibus
1733 623 1859 677 locis
1885 624 1964 697 (1)

348 718 512 771 mirus
557 717 870 770 consensus!
951 714 1057 768 Hic
1096 733 1218 788 ergo
1258 714 1514 770 habemus
1554 714 1819 788 exemplar
1869 714 1968 768 hu·

341 794 432 866 jus
485 792 685 866 operiS,
743 789 882 863 quod
937 800 1144 863 praeter
1194 791 1548 864 fragmentum
1601 790 1855 844 Leidense
1913 790 1969 843 in

351 868 597 942 Europa,
643 876 899 939 quantum
957 866 1060 919 scio
1085 907 1099 930 ,
1162 867 1379 920 unicum
1438 876 1551 928 est,
1611 865 1773 939 idque
1830 866 1968 919 inte-

349 962 501 1016 grum
532 952 584 995 et
626 942 939 1014 antiquitate
963 941 1240 1014 insignem.
1326 942 1477 1012 Quod
1511 943 1626 1014 jam
1667 941 1732 994 ad
1772 940 1968 994 librum

347 1019 520 1091 ipsum
573 1018 759 1070 attinet
784 1057 797 1080 ,
843 1014 1144 1069 Chronicon
1193 1027 1270 1070 est
1310 1017 1599 1071 secundum
1652 1017 1835 1071 seriem
1877 1036 1968 1069 an—

347 1111 539 1146 norum
585 1091 891 1165 dispositum
917 1132 932 1156 ,
975 1090 1159 1145 eodem
1197 1091 1353 1145 modo
1407 1103 1768 1166 comparatum
1810 1103 1969 1165 atque

346 1165 803 1227 Abii'l-Mabasini
856 1165 931 1239 (2)
994 1165 1223 1221 Annales
1281 1178 1333 1221 et
1384 1168 1747 1221 Moslimorum
1803 1166 1970 1221 Chro-

346 1244 466 1297 nica
505 1242 764 1297 universe.
864 1243 1057 1316 Incipit
1099 1262 1127 1295 a
1167 1243 1429 1297 creatione
1468 1243 1655 1296 mundi
1712 1253 1764 1297 et
1789 1284 1802 1308 ‚
1840 1243 1969 1296 Pro-

344 1318 627 1394 phetarum
666 1319 935 1372 mentione
974 1319 1147 1383 facta,
1188 1318 1460 1372 historiam
1502 1318 1739 1372 Arabum
1787 1338 1970 1394 aggre-

346 1394 489 1448 ditur
529 1413 756 1467 eamque
794 1395 1133 1468 persequitur
1185 1413 1350 1468 usque
1392 1394 1456 1447 ad
1499 1414 1544 1447 a.
1585 1395 1651 1449 H.
1684 1397 1814 1449 578.
1897 1394 1970 1449 Ut

339 1470 601 1543 quisque,
642 1470 844 1523 ratione
883 1469 1064 1523 habita
1095 1469 1218 1522 libri
1259 1469 1487 1523 ambitus
1523 1481 1575 1524 et
1614 1470 1793 1544 magni
1831 1480 1970 1523 tem·-

343 1545 484 1620 poris
536 1546 688 1619 spatii
743 1545 884 1619 quod
943 1543 1191 1600 describit
1215 1587 1230 1610 ‚
1286 1545 1568 1618 intelligit,
1621 1565 1701 1600 res
1758 1546 1812 1598 in
1866 1545 1969 1598 hoc

346 1619 467 1675 exili
504 1618 831 1694 Compendio
865 1621 1035 1676 obiter
1074 1630 1282 1674 tantum
1321 1631 1631 1693 tanguntur.

424 1694 610 1769 Operis
648 1698 861 1769 majoris
902 1697 1099 1780 rh³⁴²⁴35
1142 1707 1315 1770 partes
1355 1697 1691 1771 reperiuntur
1737 1697 1792 1750 in
1831 1695 1966 1752 bibl.

346 1789 498 1844 Bodl.
538 1785 680 1861 (Uri)
719 1791 860 1852 779,
905 1799 956 1843 et
997 1788 1224 1844 Berolin.
1272 1789 1388 1864 (Ms.
1431 1789 1728 1844 Wetzstein
1763 1807 1818 1843 n.
1846 1791 1878 1842 8
1912 1789 1967 1841 in

347 1864 414 1920 Z.
446 1865 504 1923 d.
526 1865 599 1920 D.
624 1863 711 1918 M.
745 1863 814 1918 G.
860 1863 928 1930 V,
968 1885 1022 1939 p.
1051 1864 1206 1938 279.)

1010 2007 1075 2063 N.
1134 2008 1319 2065 CIII.

548 2152 634 2218 (Ex
670 2150 841 2199 Willm.
872 2151 969 2200 cat.
1009 2170 1054 2202 n.
1077 2152 1192 2211 176,
1228 2171 1269 2217 p,
1294 2153 1358 2199 26
1376 2163 1441 2217 s'q.
1516 2153 1583 2200 Ab
1612 2151 1696 2200 hoc
1724 2156 1870 2199 emtus
1902 2157 1967 2200 est

609 2236 633 2267 e
667 2218 778 2267 bibl.
802 2219 1088 2281 Walraveni,
1126 2223 1256 2284 cujus
1290 2222 1388 2269 vide
1416 2221 1555 2270 Catal.
1594 2237 1636 2284 p.
1658 2218 1723 2268 58
1761 2236 1804 2267 n.
1827 2218 1929 2279 24).

419 2332 577 2388 Liber
628 2334 683 2386 in
726 2334 815 2396 40,
870 2335 937 2384 16
989 2333 1341 2406 paginarum,
1402 2334 1627 2409 ligatura
1688 2334 1964 2389 chartacea

344 2419 647 2483 compactus
675 2407 983 2462 orientalem
1013 2409 1068 2461 in
1090 2409 1304 2463 modum
1325 2451 1339 2475 ‚
1377 2420 1428 2463 et
1461 2429 1624 2463 manu
1653 2410 1709 2465 J.
1734 2410 1789 2464 J.
1817 2408 1964 2462 Reis-

341 2485 437 2540 kez‘
472 2485 608 2540 bene
655 2485 896 2558 scriptus,
984 2481 1232 2539 Continet
1270 2496 1511 2560 excerpta
1551 2505 1612 2540 cx
1670 2505 1826 2560 opere
1867 2486 1964 2561 εἰ.»

337 2576 539 2664 Obojli,
621 2587 834 2631 auctore
895 2574 1329 2630 Abfi'l·Motaffar
1385 2577 1538 2631 Jfisof
1555 2620 1569 2643 ‚
1630 2577 1786 2651 vulgo
1845 2573 1962 2630 Sibi

337 2667 700 2735 ’ibni'l-Gauzi
719 2667 858 2724 dicto
883 2666 966 2740 (-Ι-
990 2666 1120 2740 654)
1142 2710 1156 2734 ,
1201 2688 1336 2742 quae
1365 2668 1626 2724 Reiskcus
1648 2667 1898 2723 desumsit
1931 2685 1961 2720 e

408 2901 477 2966 (l)
517 2902 634 2951 Prae
664 2904 822 2952 ceteris
861 2903 1038 2952 evidens
1072 2909 1136 2952 est
1172 2904 1294 2954 locus
1331 2906 1378 2954 in
1421 2905 1515 2954 vit.
1557 2904 1615 2952 N.
1638 2901 1736 2952 398
1774 2902 1847 2963 (ex
1883 2900 1956 2951 ed.

338 2971 488 3019 Wfisi.
523 2988 568 3036 p.
601 2969 710 3035 Μ),
762 2971 839 3019 ubi
877 2972 930 3019 11
973 2971 1116 3021 lineae
1165 2972 1374 3038 deinceps
1416 2991 1439 3022 e
1476 2971 1755 3038 Compendio
1802 2974 1958 3019 nostro

337 3061 566 3110 desumtae
597 3066 719 3110 sunt.
793 3062 917 3123 Quae
938 3061 1000 3110 ibi
1024 3063 1244 3124 citantur,
1278 3063 1494 3128 leguntur
1523 3065 1569 3113 in
1607 3062 1770 3112 Codice
1802 3065 1956 3110 nostro

337 3130 370 3179 f.
389 3130 451 3178 55
474 3147 513 3179 r.
529 3157 595 3168 —
619 3129 683 3178 56
704 3146 742 3178 r.
813 3129 942 3179 Inter
969 3129 1052 3180 alia
1071 3148 1156 3196 pro
1174 3132 1391 3181 mendoso
1414 3143 1560 3214 juxa
1600 3131 1665 3195 (in
1697 3130 1767 3181 ed.
1784 3129 1956 3192 Wfist.)

341 3219 524 3279 Codex,
563 3226 613 3268 ut
646 3219 701 3269 de
729 3221 888 3282 Slane,
919 3229 1031 3299 5²5²*
1069 3223 1262 3272 exhibet.

410 3310 481 3374 (2)
515 3310 651 3359 Hunc
684 3312 814 3360 etiam
836 3313 1114 3376 Compendio
1152 3318 1303 3365 nostro
1337 3331 1468 3365 usum
1497 3315 1651 3377 fuisse,
1682 3311 1809 3362 docet
1847 3328 1888 3362 v.
1912 3327 1952 3359 c.

341 3377 398 3439 1,
437 3382 592 3444 p.t”i²⁰l
629 3380 701 3443 (ex
735 3379 803 3428 ed.
833 3380 1040 3447 Juynb.).
