2184 4074
999 385 1032 436 7

483 544 886 599 commemoratur,
953 554 1056 585 cum
1104 537 1369 600 subJunctus
1426 542 1532 585 esset
1585 538 1828 603 Anonymi

489 608 802 658 Adversarii-s·
843 605 1146 672 pkiloloqicis
1167 640 1178 661 ‚
1234 620 1279 651 n.
1317 604 1347 652 6
1397 605 1445 654 in
1493 605 1557 667 ΩΟ
1605 605 1828 654 librorum

481 674 781 741 omissorum).

298 767 460 822 Liber
500 769 554 821 in
593 770 679 828 4⁰,
723 765 972 819 foliorum
1012 770 1149 830 128,
1192 782 1419 838 quorum
1459 763 1615 836 longe
1652 763 1829 836 plera-

224 862 328 918 que
370 855 543 898 tamen
593 841 727 895 nihil
768 843 1063 896 continent.
1160 840 1515 902 Willmetus‚
1574 840 1667 913 qui
1708 857 1831 892 eum

225 919 586 973 consuendum
622 916 1011 988 chartaceoque
1052 916 1331 970 involucro
1367 914 1652 988 tegendum
1683 932 1831 967 cura-

225 996 335 1057 vit,
366 994 510 1047 hunc
542 994 595 1046 in
632 992 810 1044 fronte
836 992 950 1062 ejus
979 991 1195 1045 titulum
1228 992 1473 1064 scripsit:
1518 992 1597 1045 E.
1632 988 1833 1044 Schei-

227 1070 352 1134 dii,
386 1070 465 1124 V.
497 1067 612 1131 Ol„
647 1067 994 1140 Apparatus
1024 1067 1108 1119 ad
1138 1067 1486 1120 Budimenta
1515 1066 1832 1120 Hebraico.

230 1144 449 1200 Constat
491 1162 614 1198 vero
651 1162 710 1196 ex
751 1143 991 1215 quinque
1037 1142 1314 1215 partibuS,
1373 1160 1597 1214 quarum
1628 1144 1835 1214 prima

229 1219 445 1274 exhibet
479 1218 680 1272 vocales
715 1217 979 1271 Hebraeas
1012 1228 1064 1271 et
1097 1217 1301 1290 reliqua
1333 1228 1530 1291 puncta
1572 1235 1836 1290 gramma-

232 1295 374 1358 tica,
435 1295 671 1367 itemque
724 1304 969 1346 accentus
1022 1294 1075 1346 in
1141 1291 1289 1346 libris
1343 1293 1572 1366 poe‘ticis
1624 1292 1838 1345 usitatos

233 1371 290 1438 (2
327 1373 550 1443 pagg.);
607 1368 857 1421 secunda
907 1366 1396 1429 nomenclatorem,
1459 1368 1514 1420 in
1559 1370 1622 1420 17
1662 1368 1837 1440 capita

229 1445 610 1506 distributum,
651 1444 925 1496 nominum
957 1443 1405 1496 substantivorum
1446 1442 1838 1505 Hebraeorum,

231 1538 354 1573 cum
401 1519 838 1593 interpretatione
879 1518 1143 1572 Hollanda
1182 1529 1234 1571 et
1280 1519 1471 1572 Latina
1521 1519 1615 1586 (22
1648 1537 1839 1591 pagg„

231 1596 412 1650 vacuis
447 1596 647 1650 relictis
685 1593 814 1664 40);
860 1597 1039 1647 tertia
1074 1592 1370 1647 locutiones
1410 1592 1696 1646 familiares
1731 1592 1840 1646 He-

233 1672 446 1734 braeaS,
505 1689 626 1724 cum
686 1669 1127 1742 interpretatione
1199 1668 1462 1723 Hollandti
1520 1667 1588 1741 (4
1641 1687 1796 1741 pagg.
1826 1709 1838 1731 ,

231 1746 407 1799 vacuis
437 1745 636 1800 relictis
675 1745 835 1811 100);
869 1752 1083 1817 quarta
1119 1745 1262 1798 locos
1294 1742 1579 1798 nonnullos
1611 1744 1842 1798 Hebraei

234 1819 444 1876 Codicis
465 1863 476 1884 ‚
512 1821 583 1874 ita
611 1821 903 1892 descriptos
924 1861 937 1885 ‚
976 1830 1034 1872 ut
1071 1820 1343 1892 plerisque
1378 1818 1648 1873 vocabulis
1681 1819 1842 1871 inter-

230 1897 459 1971 pretatio
494 1895 757 1951 Hollanda
790 1896 929 1948 inter
952 1914 1126 1949 versus
1147 1897 1388 1968 subjecta
1411 1896 1478 1948 sit
1501 1897 1595 1964 (22
1615 1895 1800 1968 pagg.)
1824 1915 1838 1962 3

232 1983 285 2026 et
327 1976 532 2044 quinta
585 1971 904 2026 Glossarium
945 1970 1547 2025 Hebraeo-liollandum
1578 2010 1592 2034 ‚
1653 1988 1843 2024 secun·

232 2047 357 2100 dum
414 2049 654 2101 ordinem
712 2047 1009 2100 litterarum
1067 2047 1264 2110 Hebr.,
1323 2046 1473 2118 cujus
1525 2056 1698 2099 tamen
1761 2046 1844 2098 vix

230 2126 464 2175 initium
500 2122 553 2176 in
591 2123 919 2194 paucissimis
952 2121 1144 2175 litteris
1186 2122 1386 2175 factum
1427 2132 1538 2186 est,
1582 2123 1651 2174 ita
1682 2132 1739 2173 ut
1779 2120 1845 2173 de

233 2201 303 2250 66
344 2199 456 2269 ejus
506 2200 745 2271 paginiS,
805 2199 874 2249 56
925 2197 1081 2269 plane
1129 2198 1303 2250 nudae
1358 2197 1481 2251 sint.
1542 2229 1617 2239 —
1669 2195 1845 2270 Ipsius

224 2272 471 2337 ,Scheidii
498 2292 658 2326 manu
700 2271 928 2346 scriptus
963 2282 1060 2328 est.

934 2370 1005 2425 N.
1061 2372 1126 2423 V.

436 2467 524 2529 (Ex
553 2468 723 2516 Willm.
755 2468 854 2517 Cat.
889 2486 938 2516 n.
974 2469 1062 2516 101
1097 2470 1141 2516 in
1178 2486 1219 2533 p.
1247 2468 1321 2516 17.
1392 2470 1461 2516 Ab
1481 2468 1577 2517 ‘hoc
1609 2473 1754 2516 emtus
1780 2473 1848 2516 est

505 2552 528 2583 e
564 2535 669 2584 bibl.
707 2537 760 2584 E.
795 2534 1020 2595 Scheidii,
1072 2537 1119 2584 in
1165 2539 1253 2602 qua
1285 2538 1514 2601 prestabat
1550 2536 1846 2599 (conjunctim

502 2621 606 2652 cum
643 2622 688 2652 n.
725 2603 789 2651 99
833 2609 876 2652 et
926 2604 1022 2652 100
1071 2605 1270 2669 Catalogi
1307 2606 1497 2666 Willm.)
1546 2607 1669 2653 inter
1703 2603 1846 2652 libros

496 2674 711 2732 omissos,
747 2689 792 2720 n.
827 2671 860 2719 8
890 2672 937 2720 in
974 2672 1012 2719 F
1015 2667 1068 2724 ⁰.)

313 2762 476 2816 Liber
507 2763 560 2815 in
597 2763 691 2818 fol.
718 2805 731 2824 ‚
772 2767 840 2816 22
872 2765 1184 2837 paginarum
1206 2803 1221 2827 ‚
1264 2775 1512 2817 consutus
1548 2775 1602 2816 et
1633 2763 1844 2817 charta-

239 2855 332 2891 ceo
365 2837 637 2891 involucro
674 2850 862 2891 tectus,
943 2838 1263 2892 Willmetus
1302 2839 1350 2891 ei
1390 2841 1443 2891 in
1485 2839 1659 2892 fronte
1701 2839 1845 2892 hunc

240 2911 455 2965 titulum
494 2914 735 2984 praefixit
762 2933 774 2965 ε
820 2914 900 2968 Ε.
935 2913 1203 2967 Scheidii
1226 2955 1240 2978 ‚
1286 2914 1365 2969 V.
1397 2914 1485 2970 Cl.
1509 2955 1523 2979 ,
1564 2916 1845 2989 Appara-

240 2995 330 3039 tus
383 2987 451 3039 de
488 2987 823 3042 Idiotismis
863 2989 1225 3060 ,linguarum
1294 2988 1697 3047 Orientalium.
1777 2992 1845 3044 Et

243 3064 355 3135 ipse
394 3062 674 3118 Scheidius
701 3106 712 3126 ‚
752 3064 903 3136 cujus
932 3065 1291 3137 autographus
1328 3066 1461 3119 liber
1501 3077 1614 3130 est,
1654 3066 1844 3120 simili-

243 3147 324 3190 ter
364 3138 416 3190 in
460 3141 659 3191 summa
699 3159 817 3212 pag.
861 3145 880 3192 l
927 3142 1223 3213 inscripsit:
1269 3139 1574 3195 Idiotismi
1613 3144 1846 3213 linqua-

245 3231 368 3264 rum
418 3213 826 3269 Orientalium.
911 3215 1160 3269 Continet
1198 3217 1478 3271 nonnullas
1523 3218 1846 3271 observatio-

243 3306 335 3339 nes
375 3286 440 3341 de
490 3292 690 3359 syntaxi
737 3290 1034 3363 linguarum
1082 3290 1490 3358 Semiticarum‚
1550 3304 1608 3348 ut
1649 3312 1707 3347 ex
1748 3293 1847 3347 hoc

243 3362 356 3433 ejus
399 3363 554 3417 initio
585 3364 783 3437 liquet:
