2184 4074
974 326 1078 375 297

219 510 305 546 ma
337 495 481 556 9423
528 489 840 545 Schultzius
878 489 1020 542 enim
1058 486 1257 542 studuit
1281 529 1296 552 ‚
1340 499 1397 543 ut
1436 491 1641 544 numeri
1679 493 1829 566 pagi-

216 586 405 621 narum
434 567 491 620 in
530 566 694 619 diario
734 584 825 618 suo
847 605 860 627 ,
901 563 967 616 ab
1004 563 1152 617 initio
1191 564 1315 616 anni
1352 565 1661 638 incipientes
1683 608 1697 632 ,
1739 586 1824 621 or-

216 643 337 696 dine
366 661 473 696 non
505 643 796 714 interrupto
832 638 897 693 ad
934 639 1093 711 hujus
1133 638 1295 693 finem
1334 638 1689 696 decurrerent.

292 718 461 791 Roget
490 718 604 790 quis
624 758 637 781 ,
682 714 942 789 quomodo
969 714 1100 768 haec
1134 724 1342 768 tantum
1374 714 1526 769 diarii
1564 718 1823 789 particula

217 793 282 846 ad
309 812 403 847 nos
441 793 773 867 pervenerit,
815 791 958 844 hunc
987 809 1202 844 monere
1235 792 1388 863 juvat
1427 810 1630 845 morem
1666 793 1823 846 fuisse

218 867 491 938 Schultzii
513 910 526 933 ,
578 879 636 921 ut
680 866 1069 942 opportunitate
1114 865 1234 919 data
1273 866 1498 920 diarium
1537 886 1632 942 per
1670 868 1826 922 fasci-

217 944 362 998 culos
412 953 479 998 'ex
523 942 738 998 Oriente
792 942 856 996 ad
921 942 1229 995 Institutum
1271 941 1558 996 Juda'icum
1618 941 1826 997 Callen-

215 1019 312 1073 ber
348 1023 399 1072 ii
433 1020 685 1073 mitteret.

293 1039 540 1150 Ceterum
572 1094 706 1147 liber
742 1092 890 1146 hicce
930 1091 1044 1146 Ms¹¹⁵
1077 1091 1141 1145 ad
1191 1093 1298 1146 fata
1336 1113 1627 1167 paucorum
1668 1091 1828 1147 Codi-

215 1189 338 1224 cum
409 1169 730 1235 collectionis
800 1177 1006 1222 nostrae
1075 1166 1383 1222 illustranda
1440 1170 1645 1243 insigne
1727 1169 1829 1235 fert

217 1245 467 1300 auxilium
493 1287 507 1311 ,
552 1243 691 1319 quod
730 1243 921 1297 frustra
953 1248 1098 1318 petas
1136 1263 1164 1298 e
1202 1243 1337 1297 libro
1370 1243 1525 1298 edito.
1586 1245 1650 1299 In
1682 1242 1785 1299 hoc
1809 1284 1823 1309 ‚

217 1320 500 1375 admodum
537 1321 730 1394 quippe
761 1318 1064 1381 decurtatO,
1094 1319 1224 1374 haec
1257 1319 1508 1378 similiave
1542 1320 1650 1374 fere
1682 1338 1827 1393 pror·

216 1415 300 1450 sus
334 1395 713 1451 desiderantur.

783 1563 873 1631 ‘N.
938 1561 1039 1631 QG
1055 1562 1252 1616 L'VII.

588 1701 677 1764 (Ex
701 1700 871 1751 Willm.
903 1700 1001 1750 Cat.
1039 1718 1086 1750 n.
1125 1701 1245 1759 195,
1282 1701 1452 1766 p.'29.)

289 1855 448 1910 Liber
481 1857 535 1908 in
580 1858 673 1919 40,
718 1857 788 1907 26
831 1855 1177 1927 paginarum,
1232 1865 1491 1917 consutus
1517 1866 1568 1910 et
1614 1855 1825 1909 charta-

213 1950 306 1985 ceo
339 1930 608 1984 involucro
649 1939 838 1982 tectUS.
919 1929 1236 1982 Willmetus
1279 1949 1400 1984 eum
1445 1931 1502 1982 a⁰
1549 1934 1688 1984 1769
1730 1930 1824 1985 de-

213 2007 415 2081 scripsit
465 2025 525 2059 cx
571 2003 893 2077 autographo
955 2004 1018 2059 E.
1069 2003 1331 2070 Scheidii,
1394 2005 1535 2079 quod
1591 2006 1692 2078 (uti
1738 2007 1821 2076 in-

212 2083 422 2156 scriptio
461 2081 634 2151 docet)
678 2080 944 2133 continere
997 2079 1258 2134 debuisset
1294 2080 1584 2135 Notitiam
1624 2089 1824 2135 aucto-

211 2177 338 2211 rum
390 2157 772 2212 Arabicorum
822 2154 925 2228 (ex
991 2154 1099 2207 Ilm
1165 2153 1514 2209 Challilcano
1566 2158 1822 2229 aliisque

212 2230 588 2308 depromtam)
615 2273 630 2296 ‚
692 2249 831 2303 quos
890 2226 974 2282 ad
1005 2229 1386 2284 dialectoram
1426 2230 1822 2286 Orientalium

198 2307 594 2383 promovenda
635 2305 837 2358 studia
872 2325 919 2358 ε.
963 2310 1395 2381 manuscriptos·
1430 2326 1477 2360 s,
1504 2311 1822 2382 impressos

210 2383 514 2438 Scheidius
555 2383 670 2435 sibi
702 2389 1162 2456 comparaverat.
1255 2382 1301 2435 A
1333 2383 1597 2456 proposito
1644 2394 1823 2458 autem

210 2460 471 2514 aberrasse
509 2457 726 2511 videtur.
809 2455 1160 2530 Apographon
1190 2457 1373 2510 saltem
1411 2468 1647 2512 nostrum
1687 2458 1823 2512 nihil

209 2534 577 2608 complectitur
630 2533 730 2586 nisi
768 2532 948 2586 breves
990 2531 1200 2585 notitias
1246 2531 1310 2586 de
1365 2538 1429 2586 51
1473 2533 1618 2587 libris
1658 2534 1780 2588 Mss.
1803 2576 1818 2598 ,

205 2628 494 2682 eorumque
530 2607 879 2683 Auctoribus,
924 2626 1150 2679 quorum
1182 2608 1237 2660 in
1273 2606 1385 2662 Cat.
1424 2608 1563 2662 Bibl.
1602 2607 1815 2663 Scheid.

205 2684 327 2738 inde
368 2703 396 2736 a
433 2703 487 2756 p.
519 2687 587 2737 87
631 2694 682 2735 et
723 2702 837 2755 sqq.
881 2683 1007 2735 item
1035 2683 1232 2735 mentio
1266 2683 1345 2736 fit.
1427 2683 1504 2736 De
1537 2683 1682 2737 libris
1718 2686 1818 2737 im-

202 2759 387 2834 pressis
427 2778 594 2812 sermo
638 2776 744 2811 non
789 2767 884 2811 est.
975 2756 1168 2810 Parum
1213 2757 1347 2810 lucri
1394 2777 1453 2812 ex
1501 2758 1602 2812 hoc
1638 2759 1816 2815 libello

203 2836 311 2908 peti
346 2845 531 2908 potest.

778 2990 842 3044 N.
912 2987 1275 3044 CCLVIII.

279 3116 581 3191 Fasciculus
632 3134 982 3208 complectens
1038 3132 1348 3208 catalogum
1391 3107 1643 3189 Codicum
1695 3136 1816 3190 Mss.

207 3213 556 3266 Orientalium
600 3211 896 3273 Willmetz',
936 3210 1094 3282 hujus
1140 3211 1300 3283 ipsius
1340 3230 1502 3264 manu
1543 3211 1815 3284 scriptum.

132 3331 137 3335 .
203 3288 277 3341 De
319 3287 419 3340 hoc
473 3285 722 3358 Catalogo
752 3328 764 3352 ‚
815 3284 1199 3365 quodammodo
1256 3285 1639 3409 chronpgogicc-
1676 3286 1813 3341 ordi-
