2184 4074
1164 341 1268 395 282

710 537 775 591 N.
816 536 1722 632 xCCXXXIV—CCXXXVI.

611 683 698 748 (Ex
733 682 908 731 wium.
947 685 1046 733 Cat.
1081 701 1127 732 n.
1163 683 1458 740 250-252‚
1508 702 1555 748 p.
1587 670 1672 735 '37.
1759 683 1829 733 ne
1863 699 2020 733 eorum

668 750 857 799 historia
890 750 989 799 vide
1019 751 1074 799 ad
1104 768 1234 804 num.
1275 751 1582 813 CCXXXII.)

487 910 612 964 Tres
656 909 875 964 Codices
907 911 964 965 in
1003 910 1092 964 fol.
1122 913 1286 977 min.,
1330 915 1464 977 570,
1507 915 1616 967 536
1654 923 1708 967 et
1739 915 1844 967 595
1868 911 2025 985 pagi-

409 1003 599 1038 narum
619 1026 634 1050 ,
678 987 770 1059 qui
803 1002 984 1040 omnes
1019 987 1202 1041 eadem
1237 989 1470 1042 carmina
1503 989 1795 1043 continent.
1877 986 2026 1040 Titu-

407 1060 489 1113 lus
546 1062 714 1135 operis
768 1072 844 1116 est
883 1060 1674 1138 Padmdwatz'padjolliklec‘z's
1725 1083 1764 1118 s.
1813 1062 1936 1141 libri
1973 1062 2028 1114 in

408 1134 668 1190 honorem
702 1136 1103 1192 Pa'dmawatiae.
1127 1166 1129 1168 ·
1482 1181 1493 1185 ⁸

487 1210 662 1266 Codex
697 1216 807 1267 250
841 1232 948 1266 non
982 1223 1059 1267 est
1099 1213 1383 1273 absolutus,
1464 1214 1701 1268 Fortasse
1739 1212 2029 1286 descrip‘tus

408 1296 486 1340 est
519 1307 580 1341 ex
623 1286 751 1341 Cod.
796 1291 939 1353 251,
991 1308 1222 1362 quocum
1263 1299 1507 1343 accurate
1559 1289 1802 1344 convenit
1839 1288 1964 1342 inde
2002 1306 2032 1340 a

410 1363 705 1416 carminum
758 1363 908 1418 initio
961 1384 1080 1438 pag.
1129 1370 1162 1418 5
1223 1384 1390 1438 usque
1442 1365 1508 1418 ad
1547 1367 1661 1438 ejus
1713 1383 1834 1439 pag.
1881 1366 1988 1418 409
2015 1405 2029 1428 ,

409 1456 486 1492 vs,
527 1434 642 1494 12.'
854 1464 857 1468 ⁴
1358 1471 1360 1473 >
1982 1437 1986 1442 ’

476 1513 666 1567 'Etiam
708 1512 883 1569 Codex
933 1518 1036 1568 251
1100 1535 1207 1570 non
1267 1516 1535 1570 absolutus
1579 1526 1658 1570 est
1679 1557 1695 1583 ‚
1735 1514 1862 1570 licet
1906 1515 2033 1587 'ejus

404 1588 536 1662 pag.
577 1593 871 1644 401-—447
915 1590 982 1643 ab
1023 1591 1125 1645 alia
1164 1609 1327 1644 manu
1375 1592 1478 1644 sint
1517 1591 1743 1646 additae.·
1831 1589 2035 1644 Desinit

415 1675 593 1718 autem
626 1666 681 1718 in
721 1665 924 1720 Codicis
947 1669 1053 1719 252
1093 1669 1376 1741 pag.578,
1424 1685 1577 1721 versu
1609 1670 1683 1727 6.,
1754 1665 1893 1720 Huic
1935 1662 2033 1719 Co-

408 1738 521 1793 dici
562 1739 739 1794 addita
785 1751 906 1794 sunt
930 1803 933 1805 ,
957 1740 1008 1814 (a
1059 1762 1113 1816 p.
1157 1740 1476 1815 447—556)
1533 1743 1766 1796 carmina
1812 1741 2034 1816 pessime

415 1816 606 1889 scripta
666 1815 764 1871 sub
822 1815 978 1871 titulo
1023 1817 1227 1890 Padja
1280 1817 1628 1872 Madowala
1679 1837 1718 1871 ε.
1769 1816 1883 1871 laus
1922 1816 2035 1871 Ma-

408 1890 627 1946 ,dowali.

495 1964 670 2022 Codex
712 1970 820 2021 252
865 1967 1002 2020 solus
1057 1968 1325 2023 absolutus
1363 1978 1458 2023 est.
1555 1967 1934 2023 Praecedentes
1971 1987 2034 2022 ex

415 2040 518 2095 hoc
561 2040 756 2096 Codice
794 2062 902 2096 non
941 2062 1050 2098 esse
1088 2043 1373 2118 descriptos
1398 2084 1412 2108 ‚
1473 2043 1733 2117 plurimae
1782 2042 2034 2099 lectiones

416 2118 590 2171 variae
632 2117 932 2176 ostendunt.
1021 2119 1116 2173 Uti
1154 2119 1367 2172 illorum
1394 2160 1407 2183 ,
1464 2120 1537 2172 ita
1576 2119 1738 2192 hujus
1778 2118 2034 2196 scriptura

419 2203 497 2246 est
531 2193 924 2268 Kajtinagarica
963 2194 1251 2270 linguaque
1291 2194 1528 2249 Bhakha.

817 2371 924 2432 lx.
1011 2370 1203 2432 Libri
1245 2372 1654 2433 Malabarici.

944 2547 1012 2602 N.
1070 2546 1526 2604 CCXXXVII.

623 2667 708 2733 (Ex
730 2667 899 2718 Willm.
932 2668 1029 2717 Cat.
1066 2686 1110 2718 n.
1132 2668 1231 2718 243
1251 2706 1263 2730 ‚
1298 2688 1340 2734 p.
1365 2670 1443 2720 36.
1514 2671 1584 2718 Ab
1617 2670 1703 2718 hoc
1732 2675 1879 2719 emtus
1914 2675 1980 2719 est
2014 2688 2038 2719 e

691 2735 802 2785 bibl.
838 2737 1032 2785 ssruiniz·
1049 2773 1061 2797 ,
1095 2738 1173 2786 ubi
1204 2734 1316 2787 *cum
1346 2738 1441 2787 aliis
1469 2739 1670 2788 numeris
1703 2756 1793 2788 uno
1826 2738 2038 2788 fasciculo

692 2805 1041 2868 continebatur.)

504 2946 677 3002 Codex
723 2949 779 3002 in
822 2948 882 3002 4⁰
909 2990 923 3013 ,
982 2953 1048 3002 15
1088 2950 1399 3023 paginarum
1425 2992 1439 3016 ‚
1494 2951 1718 3024 ligatura
1760 2950 2037 3005 chartacea

425 3025 623 3077 recenti
646 3034 948 3098 compactus
982 3025 1290 3079 orientalem
1322 3027 1377 3079 in
1410 3025 1647 3082 modum.
1703 3025 1938 3100 Scriptus
1959 3037 2037 3081 est

426 3100 482 3151 a‘!
522 3102 660 3152 1707
704 3119 733 3152 a
772 3110 1002 3154 nostrate
1042 3101 1270 3173 quodam
1305 3113 1358 3155 et
1392 3102 1626 3156 continet
1664 3102 1877 3157 schema
1905 3120 2032 3156 con-

418 3175 706 3248 jugationis
747 3175 891 3228 verbi
932 3175 1269 3241 Malabarici‚
1330 3187 1444 3231 tum
1486 3177 1679 3242 activi,
1723 3188 1839 3231 tum
1875 3178 2035 3251 passi·

424 3251 512 3313 vi,
555 3270 648 3324 pro
701 3251 937 3323 exemplo
979 3262 1148 3305 sumto
1188 3253 1345 3323 verbo
1388 3253 1609 3307 docere.
1691 3252 1773 3310 Ad
1807 3253 2034 3327 singulas

424 3325 583 3397 hujus
624 3326 768 3380 verbi
809 3327 998 3379 formas
1021 3370 1033 3392 ,
1058 3328 1241 3382 litteris
1275 3328 1603 3386 Malabaricis
1643 3329 1890 3404 scriptam,
1925 3338 2034 3384 tam
