2184 4074
998 385 1102 436 24¹5

250 553 393 606 1755
434 565 597 602 manu
640 547 715 603 St.
757 547 1028 602 Schultzii
1067 547 1167 620 (1).
1256 548 1481 603 Exhibet
1521 551 1782 625 colloquia
1826 556 1858 607 4

246 626 507 689 Turcica,
570 642 598 676 a
651 624 707 678 J.
755 622 815 678 C.
861 622 1045 678 Clodio
1102 623 1531 695 (Grammatica
1571 627 1858 691 sarciat,

246 704 421 765 1729,
479 720 533 774 p.
571 699 889 769 107-179)
933 699 1118 753 litteris
1159 700 1358 754 Latinis
1399 699 1565 766 edita,
1609 721 1743 774 quae
1786 704 1856 775 (v.

241 775 503 830 Praefatio
544 773 609 827 ad
646 771 803 845 coll.)
847 775 1113 829 Jacobum
1146 774 1297 848 Nagy
1334 775 1398 829 dc
1432 776 1687 841 Harsani,
1718 778 1857 832 Nob.

243 851 424 925 Hung.
453 892 468 915 ,
529 850 842 904 serenissimi
902 851 1157 904 Electoris
1231 850 1684 925 Brandenburgici
1735 854 1862 906 olim

248 925 653 990 Consiliarium,
705 924 990 979 Auctorem
1043 925 1258 980 habent.
1358 926 1503 980 Haec
1558 928 1821 1001 colloquia
1846 969 1860 992 ‚

244 1002 432 1056 omissa
470 1002 706 1055 versione
758 1000 946 1053 Latina
973 1042 987 1065 ,
1042 1002 1255 1056 turcicis
1311 1002 1700 1057 characteribus
1740 1022 1863 1057 usus

242 1076 515 1151 descripsit
556 1074 890 1130 Schultzz‘us.

845 1242 912 1298 N.
970 1241 1275 1298 CXCIII.

453 1364 541 1430 (Ex
574 1362 747 1420 Willm.
785 1361 880 1409 Cat.
918 1379 962 1410 n.
985 1362 1075 1420 92,
1111 1381 1153 1427 p.
1188 1363 1264 1414 16.
1336 1332 1598 1424 Incertum,
1636 1363 1865 1429 quomodo

513 1430 567 1480 ad
601 1429 723 1478 hunc
759 1428 968 1494 venerit.)

321 1573 481 1629 Liber
511 1575 567 1627 in
605 1576 688 1638 40,
729 1572 1041 1646 paginarum
1077 1575 1183 1638 78,
1226 1573 1410 1627 eodem
1444 1573 1600 1628 modo
1639 1574 1865 1647 ligatura

246 1649 522 1704 chartacea
581 1658 883 1722 compactus
935 1658 987 1702 et
1039 1667 1202 1702 manu
1243 1649 1534 1704 *Schultzz'z'
1590 1651 1864 1724 perspicue

246 1727 486 1799 scriptus,
567 1724 793 1778 Exhihet
817 1722 1079 1795 colloquia
1116 1727 1185 1778 20
1219 1724 1440 1778 Turcica
1474 1744 1594 1778 cum
1630 1726 1865 1778 versione

250 1801 494 1866 Gallicam
539 1799 627 1853 sed
669 1800 792 1872 quia
831 1797 919 1851 hic
959 1799 1223 1852 Numerus
1262 1801 1471 1873 proprie
1513 1811 1716 1874 partem
1762 1801 1864 1853 for-

246 1886 358 1931 mat
395 1876 734 1950 posteriorem
770 1873 948 1928 Num.i
986 1872 1127 1927 CXC
1152 1876 1234 1946 (ex
1266 1875 1476 1928 Willm.
1515 1875 1631 1930 Cat.
1658 1896 1692 1929 n
1735 1879 1862 1947 82),

249 1971 278 2005 a
316 1971 421 2025 quo
460 1950 779 2006 Willmetus
819 1967 941 2003 eum
977 1960 1337 2023 separaverat,
1381 1951 1657 2006 Lectorem
1696 1950 1760 2004 ad
1800 1950 1864 2003 il-

248 2027 360 2081 lum
396 2026 620 2084 Num.²¹¹¹¹
645 2026 839 2100 relege.

624 2193 692 2251 Β.
776 2190 1040 2251 Metrici
1082 2193 1472 2271 argumenti.

857 2361 924 2416 N.
985 2360 1269 2418 CXCIV.

450 2484 543 2547 (Ex
561 2481 730 2531 Willm.
763 2482 859 2530 Cal.
894 2498 938 2530 n.
964 2482 1090 2542 152,
1129 2500 1172 2547 p.
1192 2482 1272 2533 23.
1346 2484 1414 2531 Ab
1449 2483 1536 2532 hoc
1571 2488 1714 2532 emtus
1751 2488 1813 2531 est
1847 2500 1870 2531 e

525 2551 634 2601 bibl.
672 2551 864 2599 Rruiniz‘
896 2549 961 2615 (n.
991 2549 1108 2615 69),
1162 2552 1239 2616 qui
1274 2568 1377 2600 eum
1415 2554 1499 2601 sibi
1536 2556 1871 2617 comparaverat

326 2770 394 2832 (1)
429 2768 485 2817 In
522 2768 682 2817 Diario
715 2768 803 2819 Ms.
858 2771 925 2829 (n.
969 2769 1064 2819 196
1105 2786 1156 2819 ex
1213 2770 1387 2821 Willm.
1423 2772 1542 2835 Cat.)
1586 2789 1632 2836 p.
1671 2771 1768 2820 692
1818 2770 1872 2818 ad

257 2838 375 2888 diem
413 2836 501 2884 4um
537 2853 601 2884 m.
635 2836 779 2895 Julii‚
825 2836 933 2885 dum
970 2837 1264 2888 Alexandriae
1303 2842 1595 2899 versabatur,
1634 2840 1756 2887 inter
1791 2838 1874 2887 alia

258 2907 367 2955 haec
421 2903 686 2952 Schultzius
737 2910 950 2953 annotat:
1007 2907 1325 2973 »Vormittage
1373 2909 1551 2956 schrieb
1585 2907 1659 2956 ich
1692 2925 1746 2955 an
1787 2906 1875 2956 den

262 2971 608 3023 »Tiirckischen
648 2972 934 3036 Gesprachen
957 3009 969 3033 ‚
1006 2973 1170 3022 welche
1200 2975 1281 3023 der
1309 2974 1368 3024 H.
1391 2976 1571 3025 Clodius
1606 2993 1660 3024 zu
1692 2974 1878 3039 Leipzig

264 3041 394 3088 »mit
430 3040 744 3088 Lateinischen
794 3040 1077 3089 Buchstaben
1128 3041 1204 3090 hat
1248 3042 1506 3093 abdrucken
1540 3045 1706 3103 lassen,
1758 3041 1878 3091 diese

265 3108 487 3157 »schrieb
526 3108 599 3156 ich
634 3109 716 3156 mit
753 3107 1079 3159 Arabischen.’'
1170 3110 1240 3159 Cf.
1278 3113 1408 3160 etiam
1443 3130 1488 3177 p.
1526 3111 1654 3169 837,
1695 3109 1771 3159 ubi
1806 3109 1879 3158 die

266 3177 296 3223 3
335 3193 394 3224 m.
435 3177 624 3242 Augusti
670 3175 947 3238 ‘al-Q’ahirae
997 3177 1103 3225 haec
1156 3179 1372 3243 colloquia
1407 3197 1452 3228 se
1483 3179 1719 3228 absolvisse
1757 3177 1878 3225 dicit.

247 3245 387 3292 Hinc
420 3248 569 3308 patet,
608 3261 698 3310 quo
726 3245 834 3308 jure
872 3245 996 3293 hunc
1031 3245 1198 3294 librum
1220 3283 1232 3306 ‚
1277 3248 1323 3294 in
1353 3265 1444 3311 quo
1479 3247 1590 3296 nihil
1625 3246 1706 3294 hac
1743 3245 1798 3293 de
1830 3261 1878 3293 re

267 3319 475 3370 notatur,
514 3329 538 3359 a
567 3312 799 3361 Schullzz'o
828 3318 1056 3361 exaratum
1087 3313 1191 3363 dixi.
1263 3315 1520 3365 Willmetus
1549 3322 1693 3364 tamen
1717 3317 1782 3377 (v.
1803 3330 1879 3371 ea,

269 3397 382 3445 quae
418 3379 464 3428 in
500 3379 604 3429 libri
639 3381 767 3430 initio
802 3382 999 3447 scripsit)
1035 3381 1152 3431 idem
1180 3383 1275 3446 jam
1309 3386 1576 3449 conjecerat.
1619 3389 1622 3391 ’
