2184 4074
1021 405 1103 459 213

251 547 364 610 'hoc
397 546 659 606 Scha'afio
679 587 694 610 ,
744 563 840 619 per
890 545 1101 620 longam
1148 564 1408 601 annorum
1456 545 1645 602 seriem
1669 589 1682 611 ,
1738 565 1861 602 eum

254 625 386 698 ipsis
435 622 714 698 Episcopis
764 622 1033 676 Ecclesiae
1100 622 1435 678 Christianae
1487 622 1737 696 Syriacae
1793 623 1865 677 Sf¹

258 698 493 762 Thomae
543 699 596 752 in
646 697 974 763 Malabaria,
1027 708 1080 752 et
1120 717 1240 754 cum
1283 697 1400 752 aliis
1450 698 1759 764 hominibus
1807 699 1861 750 in

253 771 448 828 horum
479 774 769 828 utilitatem
791 815 806 839 ‚
843 774 1149 831 institutum
1180 775 1313 829 fuit:
1359 775 1510 847 cujus
1540 773 1643 827 hoc
1669 772 1866 847 duplex

250 860 367 903 erat
397 851 771 924 propositum,
813 858 928 903 tum
973 861 1034 903 ut
1070 851 1248 904 omnia
1287 869 1422 923 quae
1463 849 1528 902 ad
1575 849 1723 901 illam
1762 850 1866 903 Ec-

254 925 471 979 clesiam
518 925 886 998 pertinerent,
944 924 1135 980 melius
1192 926 1579 989 edocerentur,
1638 934 1751 977 tum
1807 933 1866 977 ut

254 1002 475 1054 miseros
523 999 642 1053 illos
689 1020 719 1053 a
751 1001 1044 1054 durissimis
1083 1002 1450 1056 vexationibus
1475 1041 1490 1065 ,
1531 1019 1659 1074 quas
1692 1020 1721 1053 a
1755 1000 1864 1053 Lu»-

250 1076 436 1130 sitanis
465 1095 520 1129 se
549 1075 664 1148 pati
694 1086 1045 1148 quererentur
1065 1117 1080 1139 ,
1112 1076 1476 1130 intercedente
1499 1076 1867 1131 Gubernatore

255 1150 505 1207 Generali
557 1151 877 1205 Batavorum
943 1152 997 1205 in
1047 1152 1241 1219 India,
1297 1151 1525 1206 liberare
1578 1160 1864 1205 tentarent.

258 1225 654 1281 Commercium
696 1225 830 1281 illud
867 1227 1242 1301 epistolicum,
1285 1237 1344 1281 ut
1379 1227 1444 1280 ad
1487 1245 1685 1279 annum
1725 1229 1866 1279 1720

252 1319 286 1354 a
327 1300 520 1356 Carolo
559 1312 712 1374 patre
763 1313 968 1375 gestum
1012 1313 1126 1368 est,
1185 1303 1354 1357 tribus
1405 1301 1672 1356 fasciculis
1727 1302 1873 1354 inter

256 1375 482 1431 Codices
513 1377 670 1433 MSS.
713 1378 1086 1432 Bibliothecae
1124 1378 1375 1452 publicae
1412 1377 1872 1432 Amstelodamen-

253 1451 326 1504 sis
355 1463 628 1518 servatur3
666 1464 726 1506 ut
757 1472 881 1507 vero
903 1494 919 1519 ,
951 1454 1136 1507 decem
1163 1454 1492 1526 interpositis
1522 1453 1674 1505 annis
1695 1493 1709 1516 ‚
1747 1460 1868 1524 post

255 1524 416 1599 hujus
459 1537 687 1581 mortem
725 1530 885 1601 (quae
929 1529 1017 1583 die
1061 1528 1120 1582 40
1150 1529 1468 1584 Novembris
1503 1546 1552 1583 a.
1591 1529 1734 1580 1729
1780 1545 1869 1580 ac-

253 1602 412 1675 cidit)
452 1622 482 1656 a
532 1602 645 1657 filio
689 1604 937 1658 Johanne
984 1604 1222 1660 Henrico
1269 1606 1620 1658 instauratum
1671 1611 1724 1655 et
1774 1619 1870 1674 per

252 1695 341 1731 sex
377 1697 541 1732 annos
578 1679 950 1735 continuatum
985 1690 1098 1745 est,
1138 1680 1196 1733 in
1219 1682 1334 1735 ,Ιιοο
1371 1681 1589 1733 offertur
1639 1677 1870 1730 volumi—

254 1771 343 1808 ne.
403 1755 480 1808 Ex
513 1753 718 1808 duabus
749 1755 803 1808 id
838 1756 1081 1829 partibus
1116 1756 1473 1828 compositum
1503 1765 1613 1809 est:
1650 1754 1704 1807 in
1740 1771 1871 1825 qua·

254 1846 375 1883 rum
399 1833 642 1902 priori,
691 1833 760 1883 44
794 1832 1111 1904 paginarum
1133 1871 1148 1895 ,
1186 1830 1325 1884 duae
1376 1829 1715 1884 offenduntur
1751 1829 1872 1900 epi-

254 1903 420 1958 stolae
455 1904 520 1957 ad
552 1905 879 1979 Episcopum
903 1925 1068 1980 ,supra
1098 1906 1276 1960 dictae
1310 1906 1580 1960 Ecclesiae
1601 1945 1615 1969 ,
1653 1905 1871 1958 nomine

253 1978 713 2035 Maha-Thomam
735 2021 749 2046 ,
771 1980 1127 2036 Chaddenadi
1157 1983 1213 2035 in
1241 1981 1532 2037 Melabaria
1561 1980 1737 2034 sedem
1774 1978 1871 2032 ha-

258 2053 472 2108 bentem
496 2097 512 2121 ,
551 2056 748 2128 quibus
793 2057 906 2129 ipse
940 2057 998 2112 J.
1032 2059 1103 2112 H.
1141 2056 1437 2112 Schaafius
1473 2056 1618 2109 hunc
1650 2055 1869 2126 titulum

256 2131 538 2204 praefixit:
583 2132 899 2205 Epistolae
925 2132 1252 2203 Syriacae,
1294 2152 1444 2187 anno
1476 2134 1630 2186 ,1730
1662 2132 1758 2184 die
1815 2150 1818 2153 ·

254 2209 470 2259 mensis
516 2205 812 2261 Januarii
855 2209 1182 2278 confectae,
1223 2211 1440 2262 missae
1489 2226 1622 2260 vero
1673 2208 1770 2260 die
1807 2208 1873 2260 2⁰

251 2281 497 2353 Aprilis
537 2284 692 2336 J730
729 2302 848 2356 per
891 2282 1190 2339 Consulem
1246 2283 1667 2357 [Delphensem,
1707 2299 1874 2335 unum

257 2373 288 2408 e
326 2356 481 2411 XVII
502 2357 644 2410 Viris
677 2357 938 2412 Societati
967 2359 1146 2413 Indiae
1170 2357 1459 2413 Orientalis
1489 2356 1869 2426 moderandae]

256 2430 552 2505 Bogaard
578 2452 691 2485 van
726 2433 963 2505 Beloys.
1041 2435 1282 2507 Utraque
1333 2434 1409 2488 ita
1443 2432 1537 2487 hic
1590 2434 1646 2486 in
1691 2431 1872 2485 medio

253 2516 336 2560 est
371 2506 575 2581 posita,
632 2509 715 2562 uti
751 2508 902 2583 prius
953 2527 1112 2582 quam
1158 2509 1380 2581 Syriace
1419 2508 1763 2572 vertebatur,
1804 2507 1871 2560 ab

255 2593 476 2636 auctore
519 2582 822 2637 Hellande
851 2595 1108 2658 concepta
1148 2584 1294 2649 fui-t3
1339 2585 1500 2638 simul
1550 2602 1674 2638 vero
1710 2583 1872 2637 etiam

255 2677 289 2712 e
319 2659 541 2732 regione
591 2661 764 2713 textus
801 2661 1056 2715 Hollandi
1100 2661 1155 2714 in
1202 2660 1422 2714 alternis
1458 2659 1667 2734 paginis
1704 2658 1872 2712 intert-

257 2735 492 2808 pretatio
527 2732 748 2806 Syriaca
793 2735 1062 2808 adscripta
1092 2745 1206 2801 est,
1247 2755 1383 2808 quae
1423 2735 1644 2808 quidem
1675 2734 1870 2808 passim

256 2819 463 2863 mutata
510 2820 565 2863 et
611 2811 771 2865 erasis
820 2830 955 2884 quae
997 2811 1170 2865 minus
1221 2810 1541 2884 placebant,
1597 2808 1876 2863 emendata

260 2895 359 2939 est.
438 2885 637 2939 Mirum
683 2905 806 2939 vero
854 2887 1139 2951 omnibuS,
1184 2886 1279 2959 qui
1327 2881 1564 2960 unquam
1609 2881 1711 2938 has*
1754 2881 1872 2958 epi}

259 2960 419 3013 stolas
463 2958 761 3032 inspecturi
809 2972 966 3026 sunt,
1006 2961 1315 3027 videbitur,
1372 2961 1519 3035 quod
1566 2959 1716 3025 dies,
1775 2960 1871 3032 qui

252 3037 317 3089 -in
365 3035 647 3109 utriusque
689 3036 1082 3110 subscriptione
1123 3048 1334 3091 notatus
1373 3040 1494 3102 est,
1536 3055 1566 3090 a
1615 3035 1873 3109 temporis

255 3110 607 3176 definitione,
646 3111 700 3166 in
733 3112 893 3167 titulo
925 3112 1020 3166 illo
1051 3113 1370 3187 praemissa,
1397 3113 1698 3186 discrepat:
1736 3129 1872 3183 quae

263 3188 408 3240 enirn
440 3187 609 3259 priori
644 3187 761 3242 loco
791 3187 885 3242 hic
921 3191 1093 3264 posita
1123 3200 1200 3243 est
1220 3230 1234 3253 ,
1270 3189 1489 3263 paginas
1519 3189 1702 3241 2-19
1724 3195 1871 3239 com&

260 3261 535 3336 plectenS,
577 3261 715 3317 hanc
751 3263 913 3318 habet
960 3265 1251 3319 clausulam
1282 3263 1412 3338 (pro
1451 3261 1731 3318 Hollandis
1780 3259 1873 3314 au't

264 3337 497 3411 Syriacis
531 3339 718 3394 Latina
756 3341 1068 3408 substitui):
1113 3341 1250 3413 Ego
1271 3382 1284 3406 ,
1316 3339 1615 3394 «lohannes
1646 3336 1870 3390 Henri-

262 3431 363 3466 eus
383 3411 820 3487 Sclzaaf,filius
852 3412 1058 3470 Caroli
1085 3414 1346 3486 Schaaf,
1379 3417 1531 3486 ⁴lame
1564 3414 1867 3488 epistolam
