2184 4074
1125 357 1161 409 6

323 510 415 565 hic
436 510 883 581 Simclzaefilz’us
911 511 1140 574 dicitur,
1169 508 1397 567 eundem
1432 530 1542 570 esse
1574 525 1734 590 atque
1755 512 1933 569 Isaa-

323 606 445 641 eum
485 586 582 640 ben
640 584 880 643 Samuel
932 589 1031 642 ben
1085 586 1270 643 Babba·
1325 585 1563 644 Simo-lea
1589 632 1602 655 ,
1661 592 1699 646 i.
1733 607 1784 647 e.
1838 610 1934 647 ne-

319 673 502 737 potem
545 664 659 717 noti
697 663 840 719 illius
889 663 957 719 R.
1000 662 1249 717 Simchae
1275 702 1290 726 ,
1350 665 1442 736 qui
1483 665 1778 740 discipulus
1829 665 1934 729 fuit

320 738 726 794 celebratissimi
760 739 1003 795 Doctoris
1037 738 1333 793 Salomonis
1361 740 1550 794 darchi
1585 745 1718 814 (sive
1736 739 1928 807 ΨΨἾ,

231 851 240 861 -
317 816 520 869 mortui
548 834 597 871 a.
635 817 775 869 1104
807 826 898 871 aut
927 815 1067 888 seq.)
1091 855 1104 878 ,
1135 813 1336 887 quique
1361 815 1519 886 vulgo
1551 818 1618 872 ab
1648 819 1781 875 urbe
1810 819 1930 874 Gal·-

317 890 421 946 liae
463 890 526 944 V
525 891 640 945 itre'
677 891 1080 965 cognominatus
1119 900 1198 943 est
1232 888 1389 947 ’ἾζΔἾ
1420 891 1578 960 ἾῬῙ)
1604 896 1803 956 firma·
1819 894 1928 964 ''·1‚

317 1014 424 1067 sive
462 1013 674 1067 brevius
710 1010 910 1107 ’ἾΓΔἿἹ
940 1017 1140 1081 Til-tm&
1179 1016 1256 1078 ”“Ὶ
1294 1014 1398 1088 (1).
1480 1014 1564 1069 Ab
1607 1013 1767 1087 hujus
1806 1033 1931 1088 ergo

314 1142 510 1209 nepote
545 1137 589 1189 si
629 1136 720 1192 hic
759 1135 896 1187 liber
944 1136 1271 1207 compositus
1308 1148 1362 1190 et
1405 1157 1434 1190 a
1485 1148 1781 1211 pronepote
1829 1136 1932 1193 hoc

313 1210 615 1286 exemplum
645 1211 973 1282 descriptum
998 1221 1106 1272 est,
1135 1222 1447 1284 sequeretur
1468 1253 1480 1275 ,
1509 1226 1569 1267 ut
1599 1214 1746 1268 illius
1782 1215 1931 1286 origo

314 1289 367 1341 in
409 1291 609 1342 exitum
644 1285 844 1342 saeculi
877 1305 906 1337 a
942 1285 1004 1340 C.
1041 1286 1110 1340 N.
1159 1289 1278 1348 12¹,
1320 1299 1374 1342 et
1408 1287 1567 1359 hujus
1611 1291 1661 1342 in
1694 1289 1932 1362 priorem

312 1375 519 1437 partem
574 1362 770 1418 saeculi
830 1361 913 1415 131
960 1360 1240 1417 incideret.
1340 1365 1406 1418 Et
1456 1375 1662 1419 tantum
1712 1364 1930 1439 quidem

313 1442 495 1500 abest,
537 1452 594 1494 ut
627 1440 790 1512 ipsius
832 1436 1045 1492 Codicis
1078 1437 1292 1492 habitus
1325 1437 1451 1493 huic
1483 1459 1643 1514 quam
1675 1441 1930 1514 proposui

313 1516 654 1588 conjecturae
695 1514 1050 1586 obloquatur,
1090 1523 1149 1568 ut
1189 1516 1367 1588 potius
1407 1526 1666 1589 quantum
1706 1519 1934 1571 maxime

314 1592 481 1664 possit
515 1611 629 1645 eam
666 1590 966 1644 confirmet.
1047 1590 1182 1643 Tum
1221 1593 1364 1646 enim
1404 1593 1689 1646 verborum
1742 1591 1931 1647 ortho-

313 1667 572 1740 graphia,
609 1678 723 1720 tum
774 1667 1017 1718 universa
1063 1666 1332 1720 scribendi
1381 1669 1550 1732 ratio,
1608 1678 1722 1722 tum
1762 1685 1935 1723 mem·-

315 1745 510 1797 branae
547 1754 600 1796 et
639 1741 922 1796 atramenti
955 1740 1136 1805 color,
1182 1742 1284 1795 hoc
1321 1743 1507 1796 saltem
1541 1743 1933 1799 evidentissime

315 1819 718 1881 demonstrant,
754 1818 866 1889 jam
915 1816 1115 1870 dudum
1154 1829 1275 1872 ante
1325 1818 1737 1893 typographiam
1791 1819 1932 1892 apud

314 1895 547 1950 Judaeos
601 1895 996 1956 introductam,
1040 1892 1095 1945 id
1139 1906 1252 1959 est,
1309 1905 1431 1948 ante
1474 1914 1673 1950 annum
1714 1895 1933 1951 circiter

320 1973 461 2027 1475
487 2012 502 2037 ‚
543 1989 666 2025 eum
706 1970 962 2023 exstitisse
997 1970 1105 2042 (2).

1019 2089 1090 2147 N.
1137 2089 1233 2146 IV.

522 2188 610 2251 (Ex
644 2188 819 2239 wium.
855 2188 956 2238 cat.
985 2205 1030 2238 n.
1061 2187 1158 2235 217
1188 2187 1238 2237 in
1263 2205 1305 2251 p.
1327 2168 1406 2238 31.
1477 2189 1548 2239 Ab
1579 2189 1665 2241 hoc
1699 2194 1845 2239 emtus
1873 2194 1938 2239 ost

581 2275 606 2306 e
629 2256 737 2307 bibl.
777 2255 832 2306 Ε.
868 2255 1063 2306 Scheidii
1084 2292 1096 2313 ‚
1145 2257 1192 2304 in
1227 2258 1357 2320 cujus
1396 2256 1541 2309 Catal.
1573 2274 1664 2309 non
1699 2257 1937 2322 separatim

384 2480 456 2544 (l)
493 2479 582 2544 Qui
617 2486 667 2530 ut
703 2479 967 2532 eruditionis
999 2479 1130 2530 laude
1165 2479 1396 2539 excelluit,
1433 2482 1493 2530 ita
1527 2482 1737 2550 inprimis
1775 2487 1937 2535 notum

317 2553 382 2598 est
417 2564 527 2613 opus
564 2550 687 2613 ejus,
722 2549 843 2616 quod
869 2547 1116 2614 appellatur
1157 2547 1314 2609 ’ἾῖΔῆ
1353 2547 1569 2609 ἾῚΤΠῙῇ,
1606 2550 1750 2617 quod,
1793 2556 1935 2599 astro·

317 2620 486 2671 nomici
512 2621 794 2686 argumenti,
831 2620 1039 2686 precibus
1072 2635 1274 2687 quoque,
1310 2598 1540 2682 ΠῚΠίἳῠ
1577 2621 1735 2682 dictis,
1786 2621 1935 2671 abun·-

316 2692 406 2741 dat.
453 2690 585 2741 Conf.
622 2691 678 2740 de
712 2693 807 2759 ipso
840 2698 884 2739 et
915 2692 1000 2741 hoc
1028 2693 1123 2756 ejus
1157 2707 1293 2756 opere
1325 2691 1590 2741 Bartoloccii
1623 2692 1755 2741 Bibl.
1784 2692 1934 2741 Raab.

318 2760 404 2809 lv.
434 2777 478 2824 p.
499 2758 595 2808 405
631 2777 671 2808 a.
693 2777 738 2809 n.
777 2758 905 2809 1805
925 2793 939 2818 ‚
971 2759 1170 2808 Buxtorf.
1200 2758 1331 2810 Bibl.
1359 2760 1506 2810 Raab.
1539 2778 1584 2825 p.
1598 2760 1692 2820 89,
1730 2766 1771 2809 et
1800 2760 1935 2810 Wolf.

319 2826 452 2878 Bibe.
491 2828 636 2878 Hebr.
670 2828 707 2877 I.
743 2846 787 2894 p.
825 2828 956 2877 1124
990 2835 1031 2878 et
1066 2827 1155 2877 111.
1190 2844 1236 2892 p.
1272 2827 1393 2877 1131
1434 2846 1476 2878 n.
1512 2829 1663 2879 2151.

389 2895 460 2958 (2)
498 2897 565 2944 Ad
614 2913 840 2946 summam
885 2897 1195 2962 antiquitatem
1243 2894 1378 2959 hujus
1430 2896 1607 2949 Codicis
1658 2895 1936 2962 probandam

319 2963 502 3014 fortasse
536 2965 667 3013 etiam
703 2965 818 3014 valet
847 2964 1137 3030 proverbialis
1170 2962 1244 3011 illa
1274 2962 1469 3026 locutio,
1519 2969 1607 3031 qua
1640 2965 1852 3014 librarius
1886 2966 1935 3012 in

321 3047 648 3112 subscriptione
694 3048 775 3096 ista
811 3065 914 3097 usus
964 3053 1052 3098 est:
1104 3004 1313 3143 0570}
1352 3046 1518 3127 ἾἹΤΩΓ]
1552 3023 1767 3140 Πξζῒηζξ
1804 3048 1937 3126 ''lx-J,

323 3169 462 3218 donec
495 3169 659 3216 asinus
679 3186 772 3234 per
805 3169 970 3217 scalam
1005 3167 1271 3223 adse-enda,
1309 3164 1354 3214 id
1391 3169 1476 3224 est,
1515 3169 1567 3215 in
1599 3168 1938 3233 sempiternum.

326 3238 452 3300 Quae
478 3236 614 3285 dictio
642 3239 686 3299 (a
712 3237 953 3285 Buxtorfz'o
982 3240 1129 3286 notata
1155 3237 1202 3283 in
1223 3235 1342 3283 Lex.
1368 3234 1531 3284 Chald.
1555 3236 1604 3283 T
1601 3235 1705 3284 alm.
1726 3244 1770 3283 et
1790 3235 1938 3285 Babb.

323 3306 372 3355 in
408 3323 450 3353 v.
483 3306 664 3365 *nnl'u
700 3307 985 3355 vetustissimi
1032 3304 1246 3370 temporis
1279 3300 1519 3366 ingenium
1569 3303 1743 3369 prodit,
1798 3320 1880 3354 nec
1915 3319 1942 3350 a

328 3377 680 3438 recentioribus,
718 3384 938 3443 quantum
975 3378 1090 3437 scio,
1130 3377 1283 3427 usitata
1315 3382 1389 3425 est.
