2184 4074
967 416 1068 466 189

218 582 329 678 ⁰5⁸„
375 581 494 667 0¹3.ss
532 581 706 653 [θλ-1315
752 579 874 659 &xli
927 577 1132 645 [Quo.
1223 578 1451 631 Historia
1499 579 1605 633 huc
1658 579 1822 634 redit:

218 682 459 749 parentes
492 671 619 725 dicti
653 671 800 746 prole
835 668 1004 723 orbati
1040 679 1190 724 erant
1224 679 1276 723 et
1311 668 1442 722 nihil
1476 671 1638 744 magis
1672 689 1830 744 exop-

219 749 405 804 tabant
445 767 600 821 quam
632 748 803 800 filium
844 746 1039 800 habere
1079 746 1166 799 cui
1201 764 1415 819 magnas
1457 764 1572 798 suas
1625 746 1830 799 divitias

218 825 595 897 relinquerent.
678 823 817 877 Deus
857 841 1038 876 eorum
1077 840 1258 895 preces
1308 820 1586 875 exaudivit.
1667 821 1832 875 Filius

218 918 279 955 ex
309 909 428 953 voto
463 899 642 953 matris
688 899 743 952 in
782 898 1002 952 ecclesia
1050 897 1215 951 Marci
1256 897 1624 970 Euangelistae
1665 896 1834 950 cultui

220 975 318 1030 Dei
375 973 679 1039 dedicatus,
742 973 966 1026 mirifica
1032 992 1207 1026 rerum
1269 972 1563 1026 divinarum
1616 971 1835 1026 scientia

219 1050 518 1104 adolescens
565 1051 678 1121 jam
731 1047 1019 1102 excellebat
1077 1058 1130 1102 et
1188 1047 1296 1102 dies
1364 1058 1652 1121 noctesque
1702 1056 1835 1101 tem·

218 1125 307 1200 plo
349 1123 636 1177 adhaerens
675 1123 842 1177 cultui
876 1141 1020 1176 sacro
1055 1142 1259 1176 summo
1300 1142 1422 1176 cum
1464 1122 1646 1176 ardore
1686 1121 1836 1176 dedi-

220 1211 304 1254 tus
336 1209 464 1253 erat.
544 1200 745 1272 Viginti
783 1217 903 1252 vero
946 1217 1108 1251 annos
1148 1209 1274 1252 nato
1310 1199 1358 1252 ei
1399 1198 1668 1252 altercatio
1706 1197 1835 1250 obo-

221 1274 457 1330 riebatur
491 1294 613 1328 cum
653 1285 802 1349 patre
857 1273 922 1328 de
967 1275 1215 1348 conjugio
1241 1315 1255 1339 ,
1300 1292 1404 1346 quo
1451 1273 1591 1326 facto
1626 1273 1836 1345 juvenis

222 1351 312 1405 ille
338 1392 352 1416 ,
397 1351 489 1423 qui
532 1360 686 1404 antea
727 1348 928 1403 assidue
967 1368 1148 1423 preces
1188 1349 1430 1412 fuderat,
1470 1359 1522 1403 et
1562 1348 1836 1421 religiosis-

223 1427 352 1480 sime
399 1426 608 1497 jejunia
668 1424 1067 1488 observaverat,
1122 1444 1241 1478 mox
1293 1423 1503 1478 Baccho
1561 1424 1838 1496 ventrique

224 1521 276 1555 se
315 1501 524 1555 tradere
564 1501 755 1574 coepit.
838 1500 993 1554 Pater
1038 1499 1335 1554 vehementi
1382 1499 1560 1552 dolore
1609 1499 1838 1552 afflictus

222 1576 462 1632 Marcum
506 1587 745 1630 nostrum
783 1586 1001 1640 monet,
1044 1585 1103 1628 ut
1137 1576 1274 1628 viam
1306 1575 1458 1629 istam
1499 1593 1712 1647 pravam
1744 1573 1837 1627 de—

225 1652 563 1725 relinqueret.
657 1650 858 1724 Longa
901 1650 1182 1724 disputatio
1225 1651 1339 1722 jam
1378 1650 1671 1704 instituitur
1696 1691 1709 1714 ,
1752 1650 1839 1703 cui

223 1738 420 1791 mater,
467 1730 534 1780 12
577 1725 868 1781 sacerdotes
915 1726 1109 1799 aliique
1142 1727 1522 1780 immiscentur.
1605 1724 1841 1779 Tandem

226 1823 305 1858 res
340 1804 476 1857 bene
510 1801 667 1856 cedit.
751 1799 832 1855 Ad
863 1801 1136 1875 pristinam
1163 1802 1370 1856 vivendi
1409 1801 1664 1855 rationem
1700 1799 1841 1853 filius

226 1878 387 1943 redit,
450 1888 607 1951 atque
655 1877 709 1930 in
764 1876 941 1930 locum
988 1878 1149 1950 patris
1208 1878 1489 1941 suffectUS,
1551 1874 1840 1931 sacerdotio

226 1954 546 2030 fungebatur
574 1952 637 2006 ad
679 1961 907 2007 aetatem
948 1971 1115 2026 usque
1156 1953 1305 2008 valde
1333 1963 1657 2028 provectam.

836 2108 901 2163 N.
959 2108 1242 2164 CXLIX.

433 2250 522 2316 (Ex
556 2251 727 2300 Willm.
763 2252 864 2300 Cat.
902 2269 945 2299 n.
991 2252 1075 2311 10,
1109 2269 1155 2316 p.
1194 2252 1240 2301 6.
1324 2251 1393 2299 Ab
1429 2251 1512 2301 hoc
1547 2259 1692 2301 emtus
1729 2257 1791 2301 est
1821 2271 1846 2302 e

503 2319 613 2368 bibl.
657 2319 850 2367 Bruinz‘z'
877 2319 942 2383 (ιι.
974 2319 1084 2380 58),
1115 2321 1190 2385 qui
1219 2336 1321 2367 eum
1353 2326 1508 2367 nactus
1545 2327 1638 2368 erat
1675 2339 1698 2368 e
1733 2320 1845 2374 bibl.

503 2387 816 2446 Willemseni,
872 2389 999 2436 cuius
1032 2387 1130 2435 vide
1167 2387 1307 2437 Catal.
1346 2405 1387 2451 p.
1415 2387 1506 2435 165
1548 2406 1590 2436 n.
1628 2388 1742 2436 736.
1778 2416 1850 2427 —--

495 2454 816 2502 Willemsenus
851 2472 953 2502 eum
988 2456 1145 2503 emisse
1173 2455 1350 2503 videtur
1388 2473 1410 2502 e
1442 2456 1547 2505 bibl.
1584 2457 1727 2506 Hadr.
1759 2458 1852 2504 Re-

493 2522 622 2571 landz'
665 2525 729 2585 (v.
766 2523 866 2571 cat.
900 2523 1004 2573 Mss.
1042 2540 1083 2585 p.
1115 2524 1145 2571 2
1194 2542 1237 2572 n.
1278 2523 1390 2586 16),
1432 2524 1503 2573 hic
1536 2541 1644 2572 vero
1677 2543 1700 2573 e
1736 2525 1849 2574 bibl.

504 2590 551 2640 J.
591 2591 740 2646 Golii,
775 2591 821 2638 in
859 2592 987 2656 cujus
1018 2591 1117 2640 Cat.
1152 2593 1257 2642 MsS.
1279 2598 1428 2641 tamen
1462 2610 1551 2641 non
1585 2593 1853 2658 comparet.)

315 2734 474 2788 Liber
504 2733 558 2786 in
579 2733 671 2787 fol.
694 2774 708 2798 ‚
750 2737 820 2787 87
843 2734 1151 2807 paginarum
1177 2776 1190 2795 ‚
1224 2754 1252 2786 a
1282 2734 1400 2789 Jac.
1440 2735 1590 2789 Golio
1625 2755 1674 2789 a.
1705 2737 1848 2790 1647:

239 2808 566 2882 negligenter
606 2808 888 2862 admodum
939 2810 1177 2882 scriptus.
1276 2810 1371 2863 Est
1429 2810 1559 2864 rude
1611 2821 1850 2884 autogra-

239 2884 403 2959 phum
427 2926 440 2949 ,
485 2903 606 2937 cum
638 2884 830 2957 passim
864 2885 1131 2938 contineat
1163 2884 1343 2938 lituras
1364 2927 1376 2950 ‚
1421 2886 1712 2941 additiones
1746 2896 1848 2941 cet.

240 2960 309 3013 vab
343 2969 556 3014 auctore
595 2960 707 3033 ipso
750 2959 930 3015 factas,
1034 2960 1252 3013 Accedit
1309 2960 1435 3015 huic
1486 2961 1857 3026 incommodO,

245 3035 386 3109 quod
421 3037 794 3109 opusculorum
821 3076 834 3100 ,
878 3055 1011 3109 quae
1045 3036 1443 3110 complectitur,
1485 3039 1716 3111 primum
1755 3038 1854 3091 im-

161 3144 165 3149 -
243 3111 538 3185 perfectum
576 3121 627 3165 et
666 3110 903 3165 ordinem
937 3111 1217 3175 foliorum,
1259 3111 1588 3187 bibliopegae
1620 3115 1852 3177 incuria,

244 3187 609 3261 perturbatum
631 3186 857 3241 exhibet.
914 3187 1081 3241 Lacer
1113 3188 1272 3259 igitur
1306 3187 1393 3241 hic
1418 3188 1584 3254 liber,
1621 3200 1680 3243 ut
1712 3208 1857 3242 nunc

247 3271 324 3315 est
358 3272 719 3335 comparatuS‚
755 3262 906 3316 offert
947 3262 1084 3316 Golii
1121 3262 1407 3316 versionem
1446 3263 1722 3318 Arabicam
1755 3276 1858 3317 sta-

247 3346 482 3389 tutorum
509 3378 522 3401 ,
582 3347 698 3410 post
750 3337 1022 3410 Synodum
1075 3337 1461 3393 Dordracenam
1515 3341 1569 3394 in
1629 3341 1865 3395 ecclesiisv

253 3411 475 3485 Belgicis
510 3412 795 3485 vigentium
818 3458 831 3478 ‚
855 3433 1073 3488 nempe:
1125 3413 1524 3485 Confessiom‘s
1548 3416 1823 3490 Belgicae
1841 3459 1859 3481 ,γ
