2184 4074
968 403 1070 456 187

214 570 393 646 paucis
435 579 641 623 tantum
680 569 936 640 exceptis,
974 566 1039 619 ab
1075 565 1394 620 animalibus
1423 565 1721 628 desumtae,
1766 568 1827 620 in·

216 646 405 719 quibus
445 645 621 698 omnia
662 643 726 696 ad
777 642 1045 697 Christum
1086 652 1176 695 aut
1228 640 1548 695 Christianos
1588 642 1826 696 referun-

215 731 322 776 tur.
403 719 694 774 Consilium
747 737 929 772 earum
978 718 1332 792 dogmaticum
1375 727 1452 770 est
1504 728 1555 773 et
1593 736 1833 790 praesen--

214 796 310 849 tim
368 796 585 857 morale.
677 794 823 848 Libri
878 803 1097 858 auctor,
1160 811 1483 866 quamquam
1544 790 1825 865 Gregorius

216 870 511 944 Theologus
552 881 800 934 vocatur,
844 889 899 923 re
939 870 1060 923 vera
1098 879 1275 922 tamen
1303 868 1537 922 vceleber
1569 868 1658 921 ille
1701 867 1827 921 Gre-

213 946 388 1019 gorius
429 946 793 1000 Nazianzenus
834 963 940 996 non
995 954 1105 1010 est;
1162 944 1262 997 nisi
1321 944 1507 1008 fallor,
1566 942 1702 997 liber
1746 951 1826 997 est

213 1023 570 1096 supposititius
596 1063 611 1086 ,
652 1021 743 1093 qui
791 1019 1069 1074 recentiori
1110 1028 1277 1073 aetate
1319 1019 1415 1073 sub
1465 1020 1579 1090 ejus
1612 1018 1827 1078 nomine

211 1097 424 1170 prodiit.
501 1095 630 1150 Cod.
675 1095 993 1168 Lugd.-Bat.
1040 1093 1193 1166 66(2)
1239 1095 1405 1149 simile
1445 1112 1609 1167 opus,
1645 1093 1826 1166 lingua

213 1170 425 1244 Syriaca
460 1173 712 1244 scriptum
731 1212 746 1236 ,
782 1169 990 1224 exhibet
1011 1211 1023 1234 ,
1062 1169 1202 1242 quod
1236 1170 1362 1224 item
1401 1170 1596 1241 injuria
1632 1168 1823 1221 Basilio

217 1245 450 1320 (Magno)
496 1246 762 1300 tribuitur.

802 1391 871 1448 N.
932 1391 1255 1446 CXLVII.

418 1526 505 1593 (Ex
540 1525 713 1576 Willm.
753 1526 848 1574 Cat.
886 1542 930 1575 n.
961 1524 1043 1572 161
1072 1561 1083 1581 ,
1116 1542 1161 1589 p.
1187 1523 1268 1572 24.
1339 1523 1606 1581 Incertum,
1631 1538 1828 1587 quomo-

479 1593 538 1641 do
568 1593 622 1641 ad
657 1593 779 1642 hune
815 1593 1024 1659 venerit.)
1533 1603 1537 1607 ’

289 1735 463 1790 Codex
494 1736 547 1789 in
584 1737 647 1790 8Ο
687 1738 815 1790 min.
839 1778 852 1800 ,
898 1740 965 1790 73
1007 1736 1318 1810 paginarum
1342 1775 1356 1798 ,
1399 1733 1453 1787 in
1485 1733 1666 1787 charta
1699 1732 1828 1786 varii

212 1811 399 1868 coloris
435 1811 665 1865 charact.
706 1821 910 1891 &stad
951 1813 1087 1866 bene
1132 1811 1353 1884 scriptus
1388 1818 1439 1863 et
1478 1807 1702 1882 ligatura
1745 1826 1831 1861 re-

210 1905 350 1960 centi
390 1905 700 1959 orientalem
758 1903 813 1955 in
864 1902 1080 1959 modum
1133 1911 1456 1976 compactus,
1559 1899 1827 1952 Librarius

209 1991 262 2035 et
301 1981 426 2034 anni
458 1991 582 2033 nota
621 1980 675 2032 in
706 1977 899 2032 Codice
930 1998 1036 2031 non
1069 1987 1462 2040 memorantur,
1487 1974 1582 2028 sed
1615 1973 1828 2027 aliunde

210 2055 432 2109 indicari
465 2065 700 2129 possunt.
781 2053 1000 2108 Manum
1034 2053 1176 2109 enim
1218 2052 1492 2107 Schultzz'z'
1522 2050 1615 2103 hic
1642 2048 1827 2123 depre-

208 2131 440 2185 hendere
487 2130 620 2187 mihi
666 2128 877 2194 videor,
921 2148 1081 2202 quam
1121 2128 1432 2182 sententiam
1491 2135 1615 2178 nota
1671 2123 1829 2177 simul

209 2206 488 2260 confirmat
507 2247 520 2270 ,
557 2204 697 2259 unde
734 2204 968 2258 videmus
988 2245 1001 2268 ,
1033 2203 1178 2257 hunc
1201 2202 1250 2257 N
1255 2211 1424 2256 um.¹¹¹n
1450 2219 1573 2254 cum
1602 2200 1786 2254 ceteris
1810 2239 1827 2260 ,

209 2281 302 2355 qui
353 2301 413 2335 ex
457 2281 668 2334 officina
714 2278 986 2334 Schultzz'z‘
1043 2289 1095 2332 et
1146 2276 1572 2333 Woltersdorffz'z'
1616 2273 1828 2348 prodie-

214 2367 371 2421 runt,
416 2357 468 2408 a⁰
499 2359 639 2409 1775
683 2356 737 2407 in
770 2363 1081 2428 potestatem
1120 2354 1319 2407 venisse
1341 2351 1630 2406 Willmeti.
1689 2349 1830 2402 -Pro-

210 2432 386 2485 babile
425 2431 586 2504 igitur
626 2441 735 2494 est,
799 2430 1018 2484 Num.um
1063 2428 1495 2503 praecedentem,
1539 2425 1825 2478 arctissimo

211 2507 422 2560 vinculo
475 2525 598 2559 cum
656 2515 832 2559 nostro
887 2506 1235 2578 conjunctum
1260 2544 1274 2568 ,
1320 2502 1400 2575 (ex
1453 2521 1513 2555 co
1556 2501 1700 2554 enim
1738 2499 1826 2553 hic

208 2592 385 2636 noster
405 2580 580 2636 Codex
616 2580 904 2654 descriptus
944 2579 1209 2652 videtur),
1252 2578 1490 2650 ejusdem
1518 2595 1627 2630 esse
1666 2575 1827 2646 origi-

210 2657 312 2719 nis,
351 2687 427 2696 —-
470 2655 710 2710 Alterum
751 2666 827 2711 est
885 2654 1122 2727 ejusdem
1181 2654 1350 2728 operis
1390 2651 1654 2726 exemplar
1679 2691 1692 2715 ,
1737 2649 1824 2703 scd

211 2732 384 2785 minus
437 2730 791 2785 emendatum.

789 2880 859 2936 N.
912 2878 1276 2935 CXLVIII.

417 3016 504 3079 (Ex
527 3015 700 3065 Winm.
722 3015 820 3064 Cat.
844 3034 890 3065 n.
920 3018 1013 3066 199
1029 3052 1042 3078 ,
1079 3036 1122 3082 p.
1145 3018 1226 3066 30.
1296 3016 1532 3065 Incertum
1551 3052 1564 3074 ‚
1600 3012 1824 3080 quomodo

483 3083 536 3132 ad
573 3084 695 3132 hunc
724 3086 934 3147 venerit.)

286 3224 458 3280 Codex
482 3227 535 3279 in
571 3226 665 3292 4⁰,
706 3230 808 3280 132
844 3229 1190 3302 paginarum,
1234 3226 1461 3280 charact.
1504 3226 1707 3304 &3bm3
1745 3224 1821 3275 ni-

212 3316 316 3370 tidc
364 3327 599 3370 exaratus
647 3328 700 3372 et
740 3319 874 3373 bene
916 3329 1218 3393 compactus
1264 3317 1571 3370 orientalem
1611 3316 1665 3367 in
1705 3334 1820 3369 mo-

211 3391 355 3447 dum.
440 3392 706 3447 Librarius
748 3413 919 3469 noque
951 3414 1144 3450 nomen
1180 3412 1330 3447 suum
1365 3411 1539 3464 neque
1573 3390 1697 3445 anni
1730 3410 1820 3444 no-

1379 3480 1483 3528 24*
