2184 4074
1177 378 1212 431 8

952 531 998 586 Ι.
1079 530 1164 585 Be
1202 532 1411 585 verbis.

415 605 459 660 Ι.
489 604 738 660 Verbum
758 609 1069 683 singulare
1087 609 1466 662 masculinum
1488 611 1850 662 construitur
1869 629 1989 665 cum

374 685 598 734 nomine
623 685 790 757 plur.
825 703 1001 737 masc.
1026 723 1039 745 ,
1078 683 1184 736 sed
1212 683 1588 755 praecedente
1614 685 1779 738 verbo
1793 701 1821 748 ;
1849 697 1986 743 caet.

449 757 706 831 Exempla
745 772 919 814 autem
946 801 960 824 ,
1002 759 1068 811 ab
1102 768 1319 812 auctore
1351 758 1577 812 adducta
1603 801 1618 824 ‚
1660 760 1771 814 fere
1811 764 1988 817 omnia

373 849 434 885 ex
476 832 722 888 Hebraeo
758 835 953 890 Codice
991 844 1164 888 sumta
1198 845 1357 897 sunt3
1402 852 1571 907 pauca
1611 845 1818 890 tantum
1851 838 1988 892 Ara-

371 907 493 961 bica
522 909 698 963 addita
721 950 736 973 ‚
775 930 804 964 e
838 910 1055 984 reliquis
1087 908 1326 963 dialectis
1356 909 1586 965 nullum.
1608 942 1682 952 —
1702 912 1779 966 Ex
1801 914 1870 966 22
1889 931 1988 986 pa-

370 984 507 1055 ginis
540 984 645 1038 illis
685 1005 791 1039 non
822 1006 1021 1060 paucae
1059 985 1216 1059 plane
1256 1003 1451 1039 vacuae
1480 985 1698 1039 relictae
1731 998 1889 1053 sunt,
1933 999 1986 1042 et

370 1060 425 1111 in
465 1060 582 1114 aliis
618 1080 905 1135 perparum
940 1073 1146 1117 tanturn
1184 1062 1442 1135 scriptum
1476 1071 1573 1115 est.

1063 1161 1133 1215 N.
1197 1161 1287 1215 Vl.

571 1258 663 1322 (Ex
696 1258 867 1307 Willm.
904 1258 1001 1308 Cat.
1038 1277 1086 1308 n.
1115 1257 1181 1306 68
1210 1260 1256 1307 in
1293 1276 1335 1323 p.
1378 1257 1453 1306 13.
1523 1257 1592 1304 Ab
1624 1256 1710 1306 boc
1741 1264 1887 1309 emtus
1920 1266 1984 1310 est

638 1343 662 1373 e
696 1326 804 1374 bibl.
840 1325 1128 1386 Walraveni,
1180 1327 1228 1375 in
1265 1328 1354 1392 qua
1390 1341 1589 1374 annexus
1627 1331 1722 1374 erat
1758 1327 1798 1374 ei
1830 1327 1980 1389 libre,

628 1394 708 1459 qui
741 1395 789 1442 in
820 1395 916 1443 Cat.
952 1394 1124 1444 Willm.
1151 1401 1216 1443 est
1246 1411 1291 1443 n.
1334 1393 1456 1454 175,
1494 1394 1542 1441 in
1577 1392 1672 1442 Cat.
1711 1394 1852 1445 Walr.
1879 1413 1925 1446 n.
1950 1397 1980 1444 3

627 1463 674 1510 in
711 1480 754 1527 p.
792 1461 894 1525 57.)

439 1551 602 1606 Liber
635 1553 687 1606 in
724 1552 819 1609 fol.
857 1573 994 1608 max,
1020 1595 1033 1617 ‚
1072 1555 1141 1607 40
1161 1554 1509 1628 paginarum,
1551 1549 1979 1612 Willmet'icurii

362 1638 672 1701 compactus
701 1628 932 1702 ligatur&
952 1627 1231 1683 chartacea
1251 1671 1264 1694 ‚
1297 1627 1623 1684 Orientalem
1651 1629 1703 1682 in
1735 1630 1977 1690 modum.

359 1703 424 1757 In
456 1705 631 1776 prima
667 1725 787 1779 pag.
830 1706 940 1778 ipse
981 1715 1167 1758 auctor
1201 1703 1332 1758 haec
1369 1704 1666 1777 inscripsit:
1720 1705 1978 1763 Radices

359 1777 665 1832 Hebraeae
693 1789 748 1834 et
780 1783 987 1834 variae
1023 1780 1356 1834 Orientales
1383 1779 1682 1852 Figurae,
1719 1800 1790 1834 ea:
1816 1785 1976 1838 Ara·

359 1854 505 1908 bicis
536 1855 739 1910 Poetis
771 1865 823 1908 et
859 1857 1162 1928 Zjauliari
1191 1863 1363 1930 atque
1398 1854 1610 1910 Gamus
1641 1866 1971 1932 excerptae,

358 1949 504 1984 cura
557 1931 744 1985 Pauli
796 1933 1181 2005 Gyongyossi.
1262 1933 1366 1986 Ex
1419 1950 1526 1984 usu
1578 1930 1975 1990 Bibliothecae

356 2006 716 2061 Academiae
771 2007 1053 2081 Lugduno
1102 2008 1362 2062 Batavae
1419 2014 1474 2060 et
1533 2007 1728 2063 MSct.
1789 2009 1852 2064 O.
1905 2010 1973 2067 0.

356 2081 432 2138 Ut
461 2082 591 2136 haec
613 2085 890 2158 inscriptio
920 2083 1154 2146 indicat,
1199 2084 1596 2157 Gyongyossius
1630 2082 1935 2157 (Hungarus
1955 2128 1970 2152 ‚

354 2157 565 2213 Alberti
623 2159 966 2214 Schultensii
1017 2158 1362 2232 discipulus)⁴
1396 2158 1486 2211 hic
1545 2159 1752 2232 aliquot
1810 2161 1973 2216 verba

352 2232 632 2298 Hebraea,
690 2235 836 2288 null&
890 2235 1188 2289 litterarum
1251 2234 1452 2288 ordinis
1491 2237 1698 2288 ratione
1751 2234 1969 2303 habita,

352 2327 413 2363 ex
451 2310 686 2364 Arabico
722 2330 962 2365 sermone
1002 2311 1323 2374 illustravit,
1366 2321 1419 2364 et
1461 2329 1488 2362 e
1528 2309 1733 2364 Lexicis
1782 2312 1969 2366 Arabi-

354 2385 428 2438 cis
459 2386 718 2449 Gauharii
747 2398 800 2441 et
830 2385 1170 2439 Firfizabadii
1200 2386 1328 2438 tales
1362 2386 1504 2438 locos
1538 2387 1830 2458 excerpsit,
1873 2390 1968 2461 qui

352 2461 453 2534 ipsi
487 2461 751 2516 dictiones
793 2461 980 2515 offerre
1020 2462 1247 2514 maxime
1286 2459 1777 2515 animadvertendas
1818 2465 1968 2518 vide-

351 2535 569 2593 bantur.
653 2539 770 2608 Quo
805 2556 943 2591 anno
985 2536 1114 2590 haec
1147 2537 1446 2610 scripserit,
1490 2537 1586 2589 laic
1622 2555 1728 2590 non
1781 2539 1966 2612 prodi-

349 2611 459 2676 dit,
504 2613 594 2666 sed
637 2615 689 2667 in
731 2612 870 2666 libro
912 2613 999 2666 cui
1036 2612 1167 2666 haec
1208 2613 1334 2666 olim
1376 2631 1573 2666 annexa
1614 2612 1775 2667 fuisse
1814 2613 1964 2679 dixi,

350 2707 545 2741 annum
589 2692 730 2743 1740
766 2691 988 2745 notavit.
1023 2721 1096 2731 —
1123 2689 1309 2743 Manus
1341 2689 1701 2761 Gyongyossii
1734 2690 1880 2744 rudis
1913 2702 1966 2745 et

349 2764 702 2839 incomposita
743 2775 858 2829 est,
903 2783 963 2818 ac
1006 2766 1186 2817 manui
1245 2764 1369 2819 Alb.
1425 2763 1766 2818 Schultensii
1816 2767 1966 2820 valde

350 2840 560 2896 similis.
660 2841 739 2895 De
782 2842 851 2894 40
905 2850 1080 2893 autem
1129 2842 1332 2913 paginis
1390 2840 1496 2895 illis
1536 2859 1620 2894 sex
1669 2852 1966 2913 postremae

350 2933 542 2970 vacuae
577 2917 791 2971 relictae
827 2927 969 2971 sunt.

824 3071 913 3131 ΙΙ.
977 3070 1168 3130 Libri
1204 3069 1475 3150 Syriaci.

1015 3215 1084 3272 N.
1142 3214 1287 3268 VII.

542 3315 631 3378 (Ex
661 3314 832 3362 Willm.
871 3315 970 3363 Cat.
1008 3332 1053 3364 n.
1080 3313 1178 3362 219
1206 3313 1251 3360 in
1291 3330 1334 3376 p.
1357 3311 1436 3359 32.
1503 3313 1572 3362 Ab
1602 3312 1686 3363 hoc
1721 3319 1867 3363 emtus
1893 3319 1959 3362 est

617 3401 640 3431 e
675 3382 784 3431 bibl.
817 3384 1106 3445 Walraveni,
1150 3383 1195 3431 in
1240 3383 1367 3445 cujus
1402 3380 1544 3431 Catal.
1598 3383 1659 3446 (p.
1695 3381 1760 3430 59
1792 3398 1835 3430 ιι.
1873 3378 1954 3448 43)
