2184 4074
966 362 1070 411 289

206 522 437 578 remedio
506 524 709 596 magico
759 526 1237 598 pangulubalang
1296 522 1364 596 (v.
1427 524 1656 578 Lexicon
1712 525 1816 578 Ba·-

183 599 451 652 'takkium
491 598 545 651 in
587 618 637 654 v.
667 600 996 673 ulubalang).
1077 600 1291 654 Altera
1332 601 1566 654 continet
1598 619 1818 673 praece-

204 684 358 747 ptum
395 673 460 726 de
501 674 615 726 funi
647 674 835 728 bellico
856 717 869 739 ‚
902 687 1025 729 noto
1059 677 1271 728 nomine
1307 674 1815 748 Bambusz'porkas

208 750 280 820 (v,
337 748 401 802 de
448 767 546 801 usu
589 749 747 821 hujus
795 751 933 803 funis
994 751 1172 804 bellici
1212 750 1439 804 Lexicon
1493 750 1818 802 Batakl-zz‘um

207 824 263 876 in
301 843 353 877 v.
393 823 582 896 porhas
620 835 672 878 et
714 825 768 879 T
763 830 1137 879 ransactz'ons
1177 826 1371 897 ofvtlze
1414 825 1611 896 Royal
1636 823 1817 878 Asia-

211 901 292 951 tic
324 898 581 970 Society‚
625 900 742 952 Vol.
779 901 838 963 I,
878 921 932 974 p.
978 904 1129 971 503).

284 973 423 1027 Huic
446 972 628 1027 Codici
659 976 851 1029 inserta
885 986 960 1030 est
992 976 1282 1030 dissertatio
1321 974 1481 1028 Clar.i
1517 975 1819 1037 Willmetz’,

211 1050 263 1100 a⁰
310 1052 450 1102 1813
492 1050 739 1103 membris
778 1052 1011 1105 Instituti
1050 1052 1343 1126 praelecta,
1385 1052 1441 1103 in
1483 1070 1586 1123 qua
1621 1050 1685 1104 de
1725 1049 1821 1103 Co-

210 1123 326 1177 dice
352 1134 535 1177 'nostro
576 1128 785 1198 exponit
832 1137 883 1180 et
931 1127 1190 1189 incertus,
1235 1127 1338 1199 qua
1385 1125 1566 1199 lingua
1599 1126 1821 1198 scriptus

211 1199 276 1251 sit
297 1240 312 1263 ,
351 1218 380 1251 a
415 1199 662 1253 membris
707 1203 838 1274 petit
859 1245 873 1263 ‚
917 1212 976 1255 ut
1006 1203 1111 1255 una
1145 1221 1266 1256 cum
1299 1203 1408 1274 ipso
1451 1200 1822 1254 sociosdoctos

212 1284 482 1328 extraneos
507 1315 523 1340 ,
565 1276 792 1330 Londini
816 1319 830 1342 ‚
901 1277 1106 1331 Parisiis
1165 1289 1216 1332 et
1272 1277 1470 1330 Romae
1518 1276 1824 1349 praesertim

213 1348 488 1423 degenteS‚
533 1350 721 1405 adeant
760 1363 812 1406 et
855 1353 1149 1426 periculum
1189 1354 1384 1406 faciant
1423 1371 1488 1404 an
1522 1351 1579 1404 hi
1610 1352 1825 1405 fortasse

212 1423 411 1497 aliquid
433 1424 564 1477 lucis
587 1427 772 1480 afferre
792 1429 988 1501 possint
1017 1429 1071 1481 in
1093 1448 1148 1482 re
1167 1470 1181 1493 ,
1199 1429 1246 1482 ei
1276 1438 1549 1500 tantopere
1578 1426 1820 1480 obscura.

214 1498 366 1553 Teste
386 1497 596 1553 Codicis
617 1500 964 1576 descriptione
984 1544 997 1567 ‚
1021 1503 1177 1556 modo
1205 1503 1355 1566 data,
1397 1521 1503 1554 non
1535 1502 1635 1554 alia
1667 1519 1822 1574 gem,

212 1572 302 1628 sed
339 1573 484 1704 gliud
532 1593 717 1630 aevum
763 1578 1128 1651 requirebatur
1171 1578 1236 1632 ad
1289 1577 1647 1651 quaestionem
1698 1575 1825 1629 diri-

214 1663 338 1704 men
377 1669 480 1704 am.

616 1771 792 1831 XVI.
881 1770 1074 1834 Libri
1116 1769 1356 1853 Bugici
1400 1772 1499 1845 (1)-

841 1936 907 1990 N.
959 1932 1212 1988 CCLII.

416 2053 507 2115 (Ex
534 2053 703 2103 Willm.
747 2055 844 2103 Cat.
895 2073 941 2104 n.
972 2053 1099 2113 241,
1152 2072 1194 2118 p.
1229 2054 1309 2102 36.
1397 2054 1666 2112 Incertum,
1704 2051 1826 2101 unde

484 2121 538 2167 ad
574 2122 695 2170 hunc
730 2121 941 2186 venerit.)

290 2257 404 2311 Duo
443 2256 611 2310 libelli
649 2256 830 2330 lingua
859 2267 911 2310 et
939 2258 1123 2312 litteris
1152 2259 1371 2332 'Bugicis
1405 2257 1620 2330 scripti,
1662 2256 1830 2308 forma

214 2333 407 2385 minori
431 2373 460 2396 ‚-
490 2351 714 2404 quorum
745 2343 981 2386 auctores
1014 2335 1180 2407 ignoti
1210 2344 1345 2386 sunt.

289 2407 464 2462 Alter
502 2407 698 2460 nullius
744 2409 900 2481 pretii
951 2420 1059 2474 est,
1115 2420 1166 2463 et
1218 2412 1325 2461 non'
1362 2409 1463 2461 nisi
1501 2408 1642 2461 varia
1692 2407 1828 2478 frag-

213 2493 422 2545 menta,
483 2483 787 2556 praesertim
839 2502 1020 2556 preces
1074 2483 1323 2538 Arabicas
1374 2483 1559 2536 litteris
1618 2481 1828 2554 Bugicis

215 2613 445 2657 exaratas
465 2645 479 2667 ,
522 2604 675 2657 sicuti
709 2605 867 2658 etiam
906 2592 1054 2689 &2932
1096 2605 1347 2679 quasdam
1389 2605 1639 2658 continet.

273 2738 464 2795 -Alter
491 2739 651 2791 etiam
682 2759 788 2793 non
809 2743 988 2815 magni
1017 2742 1285 2796 ducendus
1320 2752 1413 2795 est.
1473 2740 1694 2793 Maxima
1715 2739 1828 2811 ejus

215 2859 333 2934 pars
369 2859 642 2934 depromta
681 2872 757 2915 est
806 2882 866 2932 ex
905 2863 1093 2928 libre,¹
1125 2865 1217 2938 qui
1257 2858 1456 2917 dicitur
1485 2831 1680 2930 ἶιᾷἒῖῗῗ
1710 2837 1832 2935 ἐυὲο

219 2998 283 3051 de
314 3001 467 3051 coitu
486 3038 500 3061 ‚
545 2999 696 3070 cujus
729 3010 892 3054 exstat
924 3001 1193 3075 exemplar
1222 3019 1460 3055 sermone
1489 2999 1830 3052 Macassarico

219 3074 573 3146 conscriptum
612 3115 627 3138 ‚
685 3077 741 3129 in
809 3076 1119 3131 collectione
1189 3077 1312 3131 Mss,
1370 3062 1831 3130 Mac'assaricoriim

221 3160 272 3203 et
306 3149 624 3221 Bugicorum
650 3192 664 3215 ‚
725 3170 883 3223 quam
928 3153 1020 3205 Vir
1059 3152 1209 3206 Doct.
1254 3153 1316 3207 Β.
1362 3153 1422 3206 F.
1468 3148 1696 3203 Matthes
1732 3147 1830 3202 So-

290 3338 357 3402 (l)
396 3341 571 3390 Horum
603 3340 945 3404 descriptionem
983 3340 1120 3389 debeo
1156 3303 1265 3388 vi’ro
1296 3339 1456 3388 Doct.⁰
1476 3339 1531 3387 B.
1550 3337 1603 3385 F.
1627 3335 1830 3385 Matthes

1461 3430 1521 3476 37
