2184 4074
1063 364 1168 416 134

307 535 455 580 taceo
496 526 805 581 orientalem
846 528 900 581 in
940 527 1158 581 modum
1193 537 1379 580 tectus.
1471 527 1678 583 Nomen
1728 529 1951 587 librarii.

305 612 358 655 et
396 620 564 655 annus
600 621 705 676 quo
726 603 768 656 is
804 620 934 677 opus
976 622 1129 657 suurn
1162 602 1474 668 absolverit,
1499 623 1605 658 non
1627 622 1929 660 memoran-

302 686 406 730 tur.
486 678 634 732 Libri
672 679 858 732 titulus
892 681 1019 734 item
1060 679 1223 733 deest.
1306 677 1495 733 Statim
1535 691 1652 755 post
1705 681 1928 735 bismil-

303 752 420 806 lam
454 751 631 809 Codex
671 755 744 808 sic
790 755 1016 829 incipit:
1063 756 1223 840 ῥυ..)
1273 754 1370 835 t..1223
1414 752 1567 826 &xj-35
1615 757 1684 808 sl}
1727 760 1927 812 »345le

299 845 392 935 {xli
445 847 664 925 ‘Utinm
715 848 850 900 2511...
896 856 974 926 ,55
1025 845 1225 929 &suist
1269 855 1367 926 Δδὲ.
1461 844 1717 901 Absoluta
1763 847 1926 902 doxo-

298 935 438 1009 logia
462 977 479 1001 ,
521 947 705 991 auctor
744 937 1014 992 exordium
1067 936 1213 991 ducit
1253 958 1282 991 a
1334 937 1598 992 laudanda
1648 940 1794 1012 poesi
1818 980 1833 1003 ,
1875 950 1927 994 et

299 1010 526 1064 ostendit
567 1013 830 1085 quomodo
867 1013 1065 1069 Arabes
1108 1023 1229 1068 ante
1264 1025 1316 1069 et
1351 1024 1468 1088 post
1502 1013 1927 1076 Mohammedem

298 1087 449 1141 enixe
490 1106 606 1141 eam
641 1089 917 1144 coluerint.
989 1090 1171 1143 Refert
1205 1091 1362 1144 etiam
1393 1110 1446 1145 se
1482 1109 1510 1143 a
1543 1090 1770 1165 pueritia
1803 1089 1926 1146 inde

298 1162 346 1215 ei
387 1181 600 1236 operam
641 1164 876 1231 dedisse,
933 1164 1022 1219 sed
1060 1165 1208 1219 illam
1244 1173 1458 1239 poe'seos
1497 1177 1704 1240 partem
1729 1207 1744 1231 ‚
1789 1186 1925 1239 quae

295 1237 351 1290 in
407 1237 684 1293 laudandis
739 1240 1071 1315 Principibus
1117 1252 1170 1295 et
1212 1238 1341 1294 'viris
1393 1242 1596 1315 magnis
1649 1252 1922 1307 versatur,

294 1313 549 1368 intactam
582 1315 856 1390 reliquisse
889 1317 1017 1390 (sola
1051 1317 1271 1391 excepta
1299 1317 1604 1373 laudatione
1629 1317 1924 1391 Prophetae

293 1389 517 1463 ejusque
552 1389 886 1464 Sociorum),
929 1392 1098 1447 donec
1137 1393 1432 1449 habitatum
1470 1394 1692 1448 venisset
1740 1394 1796 1447 in
1839 1412 1923 1447 ur-

292 1465 418 1519 bem
461 1468 659 1540 regiam
703 1460 862 1524 Siraz.
965 1469 1048 1524 Ibi
1095 1469 1237 1524 enim
1291 1489 1320 1523 a
1382 1469 1602 1525 Sultano
1646 1479 1698 1524 et
1735 1469 1921 1524 Veziro

292 1542 496 1614 magnis
529 1543 801 1598 beneficiis
842 1545 1090 1600 affectum
1111 1587 1126 1611 ,
1155 1565 1208 1599 se
1246 1546 1311 1599 ad
1352 1547 1543 1620 gratias
1573 1545 1653 1600 his
1694 1545 1921 1618 agendas

292 1635 584 1691 eorumque
614 1620 795 1675 laudes
844 1621 1190 1677 'celebrandas
1227 1621 1386 1677 fuisse
1431 1621 1740 1696 impulsum.
1818 1620 1920 1674 Po-

291 1702 401 1746 stea
451 1713 572 1748 vero
623 1696 872 1752 accidisse
919 1708 1017 1762 ut,
1081 1697 1282 1770 aliquot
1333 1716 1539 1752 menses
1593 1696 1725 1752 urbe
1777 1697 1920 1770 regia

291 1768 505 1831 relicta,
541 1771 825 1846 'Iepahane
865 1783 1311 1837 commoraretur,
1352 1773 1446 1828 ubi
1480 1773 1756 1846 disciplina
1800 1782 1918 1828 utc-

288 1843 446 1898 batur
482 1846 580 1900 viri
620 1848 844 1921 alicujus
885 1849 1046 1904 docti.
1091 1850 1284 1923 Magno
1312 1849 1488 1904 favore
1523 1849 1616 1903 hic
1643 1847 1918 1902 fruebatur

291 1919 471 1974 Veziri
514 1923 696 1996 (quem
737 1923 838 1979 hac
873 1925 1146 1980 occasione
1186 1926 1403 1981 summis
1444 1924 1687 1979 laudibus
1727 1923 1908 1989 effert,

288 1995 378 2050 sed
429 1999 581 2070 cujus
633 2018 827 2054 nomen
871 2002 967 2054 h‘z‘c
1021 2020 1128 2054 non
1177 2002 1516 2075 nuncupat),
1580 2001 1667 2054 cui
1724 1999 1914 2055 eximio

286 2071 430 2138 vir0,
475 2092 580 2147 quo
628 2076 764 2149 grati
808 2077 972 2131 animi
1010 2096 1190 2131 sensus
1236 2077 1592 2151 significaret,
1633 2076 1912 2131 consilium

286 2165 338 2201 se
379 2149 576 2222 cepisse
618 2151 690 2205 ait
721 2171 915 2206 munus
950 2152 1219 2207 offerendi.
1304 2153 1454 2224 Quod
1494 2152 1818 2227 propositum
1854 2161 1913 2205 ut

284 2236 657 2298 exsequeretur
682 2268 695 2292 ‚
758 2247 811 2282 se
856 2228 1004 2282 bidui
1036 2229 1204 2302 spatio
1228 2270 1242 2294 ,
1286 2247 1422 2302 quae
1456 2229 1569 2301 jam
1619 2229 1674 2282 in
1712 2227 1818 2282 hoc
1852 2227 1911 2284 li-

283 2299 425 2353 bello
467 2313 762 2376 sequuntur
787 2345 800 2368 ‚
844 2307 915 2358 29
957 2306 1192 2359 carmina
1231 2305 1286 2358 in
1320 2306 1435 2377 ejus
1473 2303 1684 2359 laudem
1734 2302 1911 2361 confe-

285 2375 442 2441 cisse,
486 2396 713 2451 quorum
751 2380 956 2454 singula
996 2400 1058 2435 ex
1105 2381 1288 2435 ordine
1327 2400 1489 2434 unam
1531 2400 1559 2436 e
1589 2379 1781 2436 litteris
1815 2378 1908 2433 Al-

282 2450 501 2524 phabeti
539 2454 880 2521 exhiberent,
924 2457 996 2510 ita
1032 2467 1089 2510 ut
1127 2456 1321 2530 singuli
1361 2475 1537 2510 rursus
1567 2456 1907 2528 uniuscujus-

284 2545 386 2598 que
428 2530 671 2582 carminis
706 2550 879 2584 versus
924 2532 990 2584 ab
1030 2532 1130 2586 hac
1169 2533 1343 2586 littera
1385 2534 1438 2586 et
1477 2531 1810 2604 inciperent,
1855 2532 1908 2587 et

280 2602 334 2654 in
395 2603 633 2658 eamdem
687 2606 954 2661 caderent.
1018 2639 1089 2647 —
1148 2608 1270 2662 Post
1334 2607 1473 2661 hane
1526 2607 1905 2681 praefationem

284 2677 460 2752 (pagg.
497 2679 663 2752 1—5)
690 2722 705 2746 ,
747 2682 800 2735 in
843 2684 944 2757 qua
979 2701 1103 2757 ergo
1137 2690 1292 2758 po‘eta
1333 2701 1432 2738 nee
1466 2701 1619 2736 suum
1658 2682 1768 2756 ipse
1809 2701 1905 2735 no-

279 2771 403 2808 men
428 2794 443 2819 ,
486 2774 585 2810 nec
626 2776 820 2812 nomen
864 2759 1070 2823 Veziri,
1131 2779 1289 2833 quem
1335 2757 1607 2823 laudavit,
1650 2756 1901 2822 tradidit,

280 2848 453 2903 neque
494 2833 653 2886 etiam
707 2833 833 2887 huic
879 2842 1185 2908 poematum
1234 2834 1547 2910 corpusculo
1581 2833 1904 2908 peculiarem

279 2905 496 2959 titulum
531 2909 837 2982 assignavit,
881 2912 1055 2964 statim
1097 2930 1157 2966 ea
1199 2912 1433 2965 carmina
1470 2910 1751 2985 incipiunt.

354 2980 554 3035 Primi
623 2986 868 3040 carminis
925 3005 1102 3041 versus
1154 2987 1208 3041 in
1262 2987 1411 3041 initio
1467 2997 1519 3041 et
1577 2986 1684 3039 fine
1745 2987 1758 3038 ς
1813 2983 1903 3038 ha-

276 3070 439 3137 bent3
485 3074 538 3127 in
575 3077 807 3132 carmine
841 3078 1087 3131 secundo
1120 3077 1195 3131 ibi
1234 3089 1397 3133 exstat
1436 3102 1492 3145 ῳ
1517 3116 1531 3142 ,
1573 3085 1625 3131 et
1674 3075 1745 3130 sic
1778 3094 1899 3151 por-

276 3181 333 3216 ro
375 3163 497 3238 (1);
542 3166 597 3220 in
625 3169 952 3242 penultimo
993 3168 1221 3244 denique
1275 3172 1306 3224 *5
1332 3212 1344 3234 ‚
1403 3180 1453 3224 et
1488 3170 1542 3223 in
1584 3169 1786 3223 ultimo
1818 3199 1896 3243 ὁ.

343 3389 415 3453 (l)
452 3389 587 3441 Deest
623 3395 667 3444 in
711 3395 793 3447 hoc
826 3398 987 3449 Codice
1020 3415 1165 3450 unum
1205 3400 1359 3450 solium
1397 3401 1515 3450 inter
1551 3416 1593 3465 p.
1625 3398 1682 3448 15
1716 3404 1757 3449 et
1805 3398 1892 3458 16,
