2184 4074
1056 426 1155 463 XIII

295 578 558 634 Willmeti
611 578 736 632 cura
782 576 875 631 hic
914 574 1089 629 adhuc
1137 575 1332 630 adesse.
1418 575 1686 646 Quaedam
1725 583 1785 632 ex
1837 577 1918 632 his

292 672 479 745 quanti
517 670 672 745 pretii
713 670 854 731 sint,
891 667 1132 741 judicare
1179 669 1304 722 licet
1337 686 1397 721 ex
1439 668 1641 722 collatis
1687 671 1919 724 numeris

293 763 468 829 XXX,
513 763 740 828 XXXII,
783 762 923 826 LII,
967 761 1173 827 LXIX,
1218 760 1522 823 LXXXVI,
1567 759 1687 815 CVI
1712 804 1728 830 ,
1772 761 1917 816 CLII

291 866 344 910 et
367 854 523 910 CLV.
558 853 882 930 <Apographa
923 873 1096 927 neque
1124 844 1262 908 inter
1294 853 1389 915 hos
1419 853 1578 906 libros
1619 852 1917 907 desideran-

288 959 416 1002 tur:
463 957 588 1001 sunt
622 953 655 1000 5
697 965 918 1000 numero
944 986 958 1010 ‚
1001 964 1163 999 manu
1201 946 1361 1019 ipsius
1409 938 1646 999 ‘Scheidii
1698 946 1912 1020 scripta..

367 1038 649 1094 Codicibus
675 1078 689 1103 ,
744 1057 773 1091 e
811 1036 1143 1092 bibliothecis
1198 1036 1390 1090 horum
1446 1038 1678 1092 virorum
1730 1037 1915 1112 docto-

286 1151 405 1186 rum
447 1131 713 1206 acquisitis
737 1171 752 1195 ,
795 1128 1006 1185 diversis
1046 1130 1371 1204 temporibus
1413 1117 1501 1183 alii
1548 1141 1910 1196 accesserunt,

289 1243 418 1298 quos
457 1223 767 1279 Willmetus
814 1233 906 1277 aut
945 1223 1199 1296 peculiari
1252 1221 1483 1295 quadam
1523 1224 1914 1297 opportunitate

286 1318 454 1380 emit,
497 1326 587 1370 aut
628 1316 694 1368 ab
741 1316 922 1372 amicis
969 1315 1106 1368 dono
1154 1315 1358 1388 accepit
1399 1325 1488 1369 aut
1529 1314 1757 1388 denique
1800 1316 1913 1390 ipse

282 1408 486 1482 scripsit
541 1407 667 1480 (a),
749 1407 838 1462 Sic
890 1426 984 1481 per
1034 1417 1200 1462 totam
1267 1407 1428 1460 vitam
1485 1407 1777 1462 ducebatur
1834 1408 1913 1460 vir

284 1498 427 1555 Clar.
469 1500 726 1554 indefesso
767 1500 938 1554 studio
983 1499 1344 1572 manuscripta
1396 1499 1495 1553 sibi
1534 1499 1906 1574 comparandi,

279 1593 354 1646 ita
394 1601 453 1646 ut
508 1593 871 1647 collectionem
899 1634 912 1656 ,
969 1593 1120 1664 cujus
1179 1591 1479 1645 adolescens
1538 1595 1605 1646 18
1648 1610 1908 1645 annorum

280 1685 492 1739 initium
530 1686 758 1750 fecerat,
820 1703 956 1738 anno
1007 1685 1190 1739 aetatis
1230 1686 1337 1738 85²⁰
1382 1704 1411 1738 e
1449 1684 1555 1738 vita
1594 1683 1863 1738 discedens
1886 1725 1903 1750 ,

282 1775 347 1830 ad
389 1796 636 1830 numeros
677 1780 784 1832 257
825 1787 1059 1832 evectam
1099 1776 1439 1851 relinqueret.

312 1962 655 2036 *Antequam
713 1962 767 2017 d.
812 1966 882 2016 22
921 1982 996 2016 m.
1054 1961 1175 2017 Oct.
1234 1964 1466 2015 a.>1855
1522 1961 1662 2015 diem
1717 1979 1899 2035 supre-

279 2074 427 2110 mum
465 2055 704 2119 obierat,
749 2055 1058 2109 Willmetus
1108 2055 1494 2128 significaverat
1517 2055 1582 2107 ‘ei
1613 2054 1669 2107 in
1709 2054 1898 2128 optatis

277 2168 418 2213 esse,
475 2160 535 2202 ut
583 2148 823 2207 collectio
878 2147 1129 2200 Codicum
1190 2165 1404 2199 suorum
1459 2157 1567 2199 tota
1630 2165 1899 2200 coemere·-

275 2251 362 2293 tur
418 2240 768 2294 bibliothecae
817 2240 1050 2292 Instituti
1097 2238 1249 2310 Regii
1307 2237 1660 2298 Neerlandici.
1745 2236 1898 2309 Quod

275 2351 455 2387 revera
497 2332 744 2385 obtinuit.
828 2329 1047 2384 Codices
1072 2371 1086 2395 ‚
1150 2349 1194 2383 a.
1234 2332 1376 2384 1836
1419 2331 1551 2404 Regi
1582 2341 1759 2391 nostro
1801 2350 1897 2384 au-

274 2425 569 2499 gustissimo
627 2424 908 2478 Guilielmo
949 2423 975 2477 I
1034 2423 1241 2477 venales
1300 2422 1501 2488 oblati,
1563 2422 1627 2474 ab
1676 2423 1777 2477 hoc
1830 2422 1895 2475 ad

241 2503 442 2570 'unum
496 2535 677 2569 omnes
733 2517 860 2571 emti
913 2526 1034 2570 sunt
1074 2526 1126 2568 et
1164 2514 1415 2568 benevole
1465 2515 1711 2568 Instituto
1755 2514 1893 2569 dono

273 2608 398 2662 dati.
482 2608 635 2662 Anno
687 2609 848 2681 igitur
894 2612 1035 2662 1857
1089 2598 1297 2660 numeri
1349 2600 1442 2670 illi
1469 2611 1576 2661 257
1627 2609 1740 2680 jam
1800 2607 1893 2660 ad-

272 2713 422 2754 erant
471 2702 525 2754 in
559 2701 712 2765 locu,
756 2720 784 2755 a
835 2700 1114 2754 Willmeto
1155 2710 1429 2773 exoptatO,
1474 2700 1564 2752 ubi
1611 2720 1730 2753 mox
1779 2700 1890 2753 aliis

272 2804 470 2866 septem
524 2793 869 2865 augebantur.
953 2791 1290 2846 Accedebant
1341 2811 1530 2864 nempe
1580 2795 1610 2845 4
1651 2794 1889 2855 numeri,

273 2885 376 2938 hoc
414 2886 526 2958 ipso
566 2895 802 2958 tempore
843 2905 872 2937 a
912 2885 1020 2938 viro
1063 2877 1236 2938 Clar.⁰
1289 2883 1358 2937 N.
1400 2884 1463 2938 G.
1509 2902 1606 2936 van
1647 2885 1887 2960 Kampen

274 2975 627 3030 bibliothecae
668 2977 898 3031 Instituti
937 2977 1076 3030 dono
1096 2977 1236 3039 datr,
1279 2996 1333 3029 n.
1362 2979 1470 3030 258
1515 2977 1640 3048 (sive
1665 2976 1890 3032 CXXVI

337 3166 413 3223 (a)
448 3163 579 3211 Libri
600 3168 659 3212 18
682 3168 931 3228 sequentes
953 3163 1053 3228 ejus
1088 3182 1230 3214 manu
1252 3152 1444 3213 'exarati
1479 3168 1611 3212 sunt:
1636 3169 1684 3212 n.¹
1704 3165 1887 3221 XXIV,

270 3231 339 3287 L,
385 3231 480 3287 LI,
540 3231 786 3288 LXVIII,
839 3233 1006 3290 LXX,
1049 3234 1266 3290 LXXII,
1322 3232 1574 3289 LXXIII,
1637 3233 1848 3280 LXXVI
1874 3269 1886 3290 ,

272 3297 445 3353 XCII,
478 3298 668 3358 XCVI,
687 3301 850 3348 XCIX
869 3337 879 3357 ,
916 3302 1041 3361 CIV,
1063 3303 1162 3362 CV,
1192 3301 1361 3363 CVII,
1395 3300 1630 3360 CLXIII,
1651 3302 1887 3363 CCLVII,

272 3365 523 3413 CCLVIII
557 3372 602 3414 et
638 3369 849 3417 CCLIX.
