2184 4074
1018 369 1123 421 245

258 536 372 588 lum
426 543 733 606 argumento
785 550 995 606 prorsus
1040 551 1163 588 cum
1212 543 1388 587 nostro
1429 536 1729 608 conspirat,
1785 535 1874 592 sed

259 611 419 665 etiam
453 609 519 661 ab
550 607 733 662 eodem
765 608 933 662 scriba
956 608 1086 663 mihi
1126 619 1362 663 exaratus
1395 609 1618 665 videtur.
1683 613 1875 666 Forma

257 683 441 738 itidem
482 693 559 738 est
591 684 645 736 in
674 686 791 750 160,
831 685 1054 758 paginae
1088 687 1268 739 1111111.ο
1292 687 1396 738 207
1416 725 1430 748 ,
1473 684 1654 739 charta
1686 687 1878 742 diversi

259 759 463 814 coloris.
519 759 882 813 Pronuntiatio
905 770 957 814 et
996 761 1356 834 interpretatio
1389 760 1573 814 Italica
1593 803 1607 825 ‚
1638 780 1773 834 quae
1809 763 1875 816 ab

262 836 364 889 alio
404 836 514 889 viro
548 845 707 908 atque
733 837 788 889 in
823 833 1015 890 Codice
1050 846 1226 889 nostro
1269 835 1361 890 hic
1390 836 1604 890 vocibus
1642 838 1875 891 Turcicis

258 909 745 986 superscribuntur,
807 912 862 965 in
904 911 1006 965 hoc
1045 911 1330 987 exemplari
1389 911 1454 964 ad
1506 913 1668 967 finem
1708 932 1874 987 usque

253 985 547 1060 perductae
586 996 725 1040 sunt.

885 1153 952 1208 N.
1017 1152 1203 1210 CXC.

459 1274 554 1336 (Ex
581 1274 755 1323 Willm.
792 1272 887 1323 cat.
920 1291 968 1325 n.
999 1273 1092 1335 82,
1129 1291 1172 1339 p.
1201 1275 1276 1324 15.
1349 1274 1608 1335 Incertum,
1645 1274 1872 1342 quomodo

526 1342 579 1390 ad
608 1341 730 1391 hunc
766 1343 972 1409 venerit.)

329 1480 489 1537 Liber
517 1480 573 1534 in
607 1485 699 1546 40,
760 1484 865 1535 146
901 1481 1212 1555 paginarum
1234 1522 1249 1542 ,
1286 1481 1537 1555 ligatura
1593 1481 1872 1538 chartacei

254 1557 456 1612 recenti
512 1567 816 1631 compactus
876 1557 1186 1612 orientalem
1244 1556 1299 1609 in
1357 1556 1575 1610 modum
1633 1569 1685 1612 et
1735 1559 1872 1614 bene

254 1642 606 1687 conservatus,
707 1632 808 1685 Hic
843 1631 1041 1694 Num.,
1090 1643 1148 1686 ut
1202 1642 1254 1686 et
1311 1631 1471 1686 Num.
1517 1630 1744 1688 CXCIII
1790 1633 1872 1706 (ex

255 1706 470 1762 Willm.
510 1706 625 1762 Cat.
663 1727 715 1760 n.
749 1707 875 1780 92),
919 1726 1042 1761 cum
1077 1727 1181 1780 quo
1216 1707 1343 1760 olim
1373 1710 1689 1781 conjunctus
1729 1720 1868 1775 erat,

253 1802 418 1838 11131111
459 1781 730 1837 Schultzz'i
778 1784 1052 1856 perspicue
1105 1783 1326 1856 scriptus
1366 1794 1462 1837 est.
1544 1785 1607 1838 In
1631 1795 1873 1859 >utroque

255 1858 490 1913 Numero
545 1858 781 1931 singulae
825 1858 1048 1931 paginae
1086 1858 1142 1911 in
1197 1859 1325 1911 duas
1366 1858 1637 1913 columnas
1678 1858 1872 1915 divisae

253 1944 375 1988 sunt
392 1973 410 1998 ,
453 1952 678 2006 quarum
729 1933 890 1987 altera
928 1933 1179 1994 Turcica,
1225 1933 1387 1986 altera
1418 1936 1709 1989 versionem
1744 1935 1872 1989 Gal-

253 2009 412 2064 licam
447 2009 736 2062 continent.
835 2007 1100 2062 Numerus
1139 2018 1315 2063 noster
1354 2026 1505 2063 voces
1555 2021 1607 2064 et
1658 2009 1874 2084 phrases

255 2085 500 2140 Turcicas
523 2125 538 2145 ,
581 2083 712 2138 alter
750 2083 839 2137 ille
874 2082 1106 2156 dialogos
1125 2125 1139 2149 ,
1183 2093 1242 2138 ut
1270 2083 1562 2138 videbimus
1581 2122 1602 2150 ,-
1638 2085 1868 2140 exhibet.

253 2159 574 2215 Willmetus
613 2169 900 2231 utrumque
959 2177 1088 2232 opus
1135 2159 1392 2232 separavit
1415 2200 1430 2225 ,
1489 2161 1726 2214 nesciens
1764 2162 1874 2215 for-

251 2247 385 2290 tasse
433 2233 600 2307 (quod
657 2235 818 2288 etiam
878 2234 934 2286 in
985 2244 1173 2288 neutro
1218 2232 1409 2287 horum
1468 2234 1752 2308 indicatur)
1810 2255 1874 2290 ea

253 2311 410 2365 ambo
450 2309 710 2383 descripta
743 2310 900 2363 fuisse
939 2318 968 2363 e
1002 2309 1137 2362 libro
1183 2309 1556 2364 Grammaire
1599 2311 1830 2383 Parque
1856 2353 1870 2376 ,

253 2391 312 2441 3ο
355 2389 498 2439 1730
543 2383 1002 2458 Constantinopoli
1035 2384 1175 2439 edito
1201 2426 1215 2450 ‚
1278 2385 1430 2457 cujus
1484 2395 1667 2440 auctor
1703 2387 1873 2440 fertur

253 2461 579 2516 Holderman
619 2481 647 2515 e
689 2460 806 2516 Soc.
848 2460 981 2514 Jesu
1022 2459 1120 2534 (1).
1198 2460 1261 2515 In
1296 2470 1473 2514 nostro
1514 2461 1750 2516 Numero
1787 2476 1871 2516 ex-

252 2548 426 2600 stant,
471 2555 605 2609 quae
648 2536 722 2589 ibi
775 2557 828 2610 p.
863 2539 1157 2600 68-143‚
1200 2545 1252 2590 et
1303 2536 1358 2588 111
1399 2534 1559 2591 Ν11111.
1604 2535 1870 2599 CXCIII,

253 2633 390 2687 quae
445 2611 642 2664 ibidem
700 2632 753 2686 p.
795 2612 1088 2665 144—194
1142 2611 1409 2684 leguntur.
1505 2612 1871 2665 Pronuntiatio

250 2699 462 2742 tantum
497 2704 686 2741 vocum
736 2687 1078 2741 Turciearum
1104 2728 1118 2751 ,
1160 2686 1346 2739 litteris
1387 2686 1587 2741 Latinis
1627 2688 1682 2740 in
1734 2687 1869 2740 libro

250 2763 464 2818 laudato
495 2762 754 2836 adscripta
774 2804 788 2827 ‚
830 2763 885 2815 in
916 2761 1227 2835 apographis
1257 2762 1444 2815 nostris
1485 2761 1828 2818 desideratur.

325 3207 395 3268 (1)
433 3207 589 3255 Obiter
620 3225 810 3268 moneo,
845 3208 965 3274 quod
998 3209 1160 3259 Catal.⁰
1178 3208 1329 3271 Dozyi
1363 3208 1407 3266 1,
1446 3226 1491 3272 p.
1519 3208 1613 3257 104
1647 3208 1866 3267 addatur,

241 3272 462 3323 Codicem
499 3273 776 3338 Lugd.·Eat.
830 3277 1032 3339 1362(2)
1089 3294 1141 3326 ex
1181 3276 1334 3326 eodem
1380 3276 1498 3325 libro
1533 3277 1665 3324 fuisse
1698 3277 1869 3327 descri-

249 3346 393 3406 ptum.
464 3342 657 3393 Exhibet
691 3347 844 3410 enim,
883 3345 1002 3411 quod
1038 3346 1084 3395 in
1122 3345 1197 3395 lib.
1235 3344 1264 3394 1.
1304 3349 1442 3394 exstat
1484 3363 1524 3410 p.
1553 3344 1799 3394 68—126.

1436 3458 1537 3505 31*
