2184 4074
973 347 1076 397 2⁹75

221 510 503 564 »lommen
544 529 610 583 op
650 510 765 564 elke
793 509 1088 583 bladzijde,
1132 511 1324 563 waarin
1363 511 1434 583 bij
1473 510 1555 565 elk
1591 511 1684 567 der
1711 510 1829 567 Chi-

215 585 455 643 >›nesche
506 585 794 650 teekenen‚
837 586 901 640 de
954 586 1217 660 uitspraak
1276 605 1341 639 en
1393 587 1649 661 vertaling
1699 587 1828 642 door

213 679 360 715 »een
395 660 683 715 Hollander
706 703 720 726 ,
763 662 923 714 wiens
956 681 1111 714 naam
1151 661 1260 716 niet
1299 661 1505 734 gemeld
1543 662 1742 729 wordt‚
1784 665 1825 717 is

214 755 248 787 »
262 735 585 809 bijgevoegd.
595 735 629 758 '⁹
1051 777 1054 780 <

287 810 479 864 Habita
525 813 724 865 ratione
765 812 952 866 indolis
984 813 1138 877 libri,
1180 811 1329 865 nobis
1368 830 1672 885 persuasum
1713 823 1822 877 est,

213 885 364 958 illum
404 888 757 960 conscriptum
798 908 906 942 esse
953 888 1212 962 prioribus
1266 887 1661 960 Europaeorum
1702 907 1826 943 cum

213 959 351 1014 Sinis
392 963 692 1016 commercii
730 964 1054 1036 temporibus
1078 1005 1094 1029 ,
1136 962 1310 1017 seculo
1355 966 1494 1016 17¹¹²⁰.
1578 962 1824 1017 Vocabu-

210 1036 381 1088 lorum
433 1038 572 1090 enim
627 1037 959 1111 Belgicorum
1013 1037 1383 1111 orthographia
1437 1051 1497 1090 ea
1533 1048 1646 1104 est,
1691 1058 1825 1112 quae

210 1111 267 1163 in
319 1111 464 1165 libris
523 1112 685 1166 seculi
743 1113 883 1167 illius
922 1115 977 1167 in
1027 1133 1126 1166 usu
1170 1114 1307 1166 fuit:
1374 1113 1619 1167 versionis
1664 1115 1824 1168 etiam

211 1184 421 1240 Sinicae
461 1188 592 1241 ratio
632 1188 825 1241 indicio
866 1208 978 1244 esse
1031 1198 1240 1263 potest,
1282 1197 1550 1241 auctorem
1592 1190 1823 1261 ejusmo-

210 1260 264 1313 di
302 1262 570 1335 praesidiis
607 1283 715 1318 esse
773 1283 925 1317 usum
951 1306 966 1329 ‚
1029 1264 1219 1337 quibus
1276 1263 1619 1327 missiomrii,
1679 1264 1826 1319 aditu

211 1335 275 1388 ad
310 1337 509 1391 litteras
560 1338 760 1393 Sinicas
800 1340 892 1392 vix*
920 1349 1102 1413 parato
1128 1381 1142 1405 ,
1183 1339 1376 1391 muniti
1406 1339 1621 1393 fuerint.
1871 1405 1875 1413 Ι

287 1410 354 1463 V
350 1414 586 1466 ocabula
621 1415 866 1486 Belgica
890 1414 1090 1468 Auctor
1138 1414 1368 1487 primum
1408 1414 1700 1468 secundum
1734 1415 1825 1472 lit·

207 1496 439 1540 terarum
477 1488 718 1542 ordinem
764 1490 1022 1554 inseruit,
1085 1490 1458 1542 characteres
1498 1489 1687 1544 deinde
1741 1490 1847 1559 Si„

208 1562 353 1615 nicos
385 1582 548 1616 manu
571 1563 778 1618 Sinensi
800 1564 1120 1637 adjiciendos
1154 1563 1357 1617 curavit
1378 1605 1390 1628 ,
1435 1565 1526 1635 qui
1557 1564 1826 1621 characte-

206 1655 287 1689 res
308 1678 322 1701 ,
345 1656 726 1711 nonnunquam
759 1660 853 1713 per
874 1639 1183 1713 compendia
1204 1639 1384 1712 scripti
1405 1679 1418 1700 ,
1436 1639 1559 1693 licet
1578 1641 1827 1713 penicillo

207 1710 392 1765 obtuso
453 1713 700 1767 delineati
781 1734 889 1768 esse
940 1715 1251 1778 videantur,
1310 1732 1484 1766 veram
1539 1716 1827 1789 scripturae

207 1786 438 1840 Sinensis
478 1789 700 1861 vulgaris
742 1791 966 1863 speciem
1009 1809 1133 1863 prae
1174 1809 1241 1843 se
1299 1789 1494 1842 ferunt.
1589 1790 1827 1845 Pronun-

204 1861 476 1916 tiationem
516 1863 743 1936 denique
778 1865 1154 1918 vocabulorum
1177 1864 1474 1918 Sinicorum
1502 1866 1826 1938 peculiarem

206 1935 405 1989 addidit
466 1937 664 1991 Auctor
720 1938 959 2012 Belgicus
985 1982 999 2004 ,
1075 1940 1166 2013 qui
1218 1939 1531 2011 scripturam
1591 1940 1826 1996 Sinicam

204 2022 505 2085 perceptam
534 2034 586 2067 se
619 2013 861 2068 habuisse
894 2025 945 2069 et
977 2014 1179 2069 mendis
1211 2014 1427 2067 sublatis
1467 2024 1519 2068 et
1551 2017 1696 2071 novis
1737 2037 1825 2071 vo-

206 2085 405 2139 cabulis
452 2088 652 2141 calamo
706 2109 798 2142 suo
851 2090 1067 2162 adjectis
1107 2089 1362 2164 probavit.
1442 2089 1692 2163 Magnum
1730 2112 1824 2147 suo

204 2171 441 2235 tempore
499 2164 599 2217 fuit
637 2166 864 2237 pretium
904 2164 1063 2238 hujus
1112 2165 1237 2223 libri
1287 2166 1673 2238 manuscripti,
1737 2169 1825 2222 cui

203 2254 347 2289 nunc
380 2239 539 2290 etiam
579 2238 744 2292 honos
774 2239 959 2305 durat,
1002 2239 1095 2292 ubi
1127 2239 1192 2293 de
1223 2238 1440 2292 historia
1481 2241 1639 2294 studii
1680 2243 1825 2297 litte-

203 2329 380 2364 rarum
426 2312 538 2366 Sin.
583 2314 637 2366 in
681 2315 891 2388 Europa
925 2315 1114 2388 agitur.

278 2385 588 2459 Sequuntur
626 2390 881 2443 nonnulla
921 2390 1173 2443 vocabula
1200 2432 1214 2455 ,
1271 2399 1330 2442 ut
1368 2408 1517 2443 casus
1570 2411 1631 2445 ea
1672 2392 1823 2447 obtu-

201 2461 299 2523 lit,
340 2474 582 2536 excerpta
610 2484 622 2516 ε

201 2597 392 2652 Cracht
416 2641 431 2664 ,
474 2603 660 2673 gewelt
1417 2553 1514 2692 JJO
1547 2608 1561 2631 ‚
1605 2568 1718 2638 lye.

200 2798 401 2854 Cranck
443 2801 632 2855 maken
659 2844 672 2867 ‚
716 2803 971 2857 crencken
