<?xml version="1.0" encoding="UTF-8"?>
<!DOCTYPE html PUBLIC "-//W3C//DTD XHTML 1.0 Transitional//EN"
    "http://www.w3.org/TR/xhtml1/DTD/xhtml1-transitional.dtd">
<html xmlns="http://www.w3.org/1999/xhtml" xml:lang="en" lang="en">
 <head>
  <title>
</title>
<meta http-equiv="Content-Type" content="text/html;charset=utf-8" />
  <meta name='ocr-system' content='tesseract 3.04.00' />
  <meta name='ocr-capabilities' content='ocr_page ocr_carea ocr_par ocr_line ocrx_word'/>
</head>
<body>
  <div class='ocr_page' id='page_1' title='image "./cataloguscodicum00rijkuoft_0305.png"; bbox 0 0 2184 4074; ppageno 0'>
   <div class='ocr_carea' id='block_1_1' title="bbox 974 357 1074 409">
    <p class='ocr_par' dir='ltr' id='par_1_1' title="bbox 974 357 1074 409">
     <span class='ocr_line' id='line_1_1' title="bbox 974 357 1074 409; baseline -0.01 -1"><span class='ocrx_word' id='word_1_1' title='bbox 974 357 1074 409; x_wconf 71' lang='lat'><strong>281</strong></span> 
     </span>
    </p>
   </div>
   <div class='ocr_carea' id='block_1_2' title="bbox 218 516 1833 1121">
    <p class='ocr_par' dir='ltr' id='par_1_2' title="bbox 218 516 1833 1121">
     <span class='ocr_line' id='line_1_2' title="bbox 220 516 1829 592; baseline -0.005 -14"><span class='ocrx_word' id='word_1_2' title='bbox 220 524 386 578; x_wconf 81' lang='lat' dir='ltr'><strong>versio</strong></span> <span class='ocrx_word' id='word_1_3' title='bbox 427 520 604 576; x_wconf 84' lang='lat' dir='ltr'><strong>Sinica</strong></span> <span class='ocrx_word' id='word_1_4' title='bbox 637 530 748 574; x_wconf 80' lang='lat' dir='ltr'><strong>rata</strong></span> <span class='ocrx_word' id='word_1_5' title='bbox 780 519 1073 575; x_wconf 80' lang='lat' dir='ltr'><strong>habebatur</strong></span> <span class='ocrx_word' id='word_1_6' title='bbox 1104 520 1159 572; x_wconf 89' lang='lat' dir='ltr'><strong>in</strong></span> <span class='ocrx_word' id='word_1_7' title='bbox 1188 519 1307 572; x_wconf 60' lang='lat' dir='ltr'><strong>aula</strong></span> <span class='ocrx_word' id='word_1_8' title='bbox 1337 518 1696 592; x_wconf 77' lang='lat' dir='ltr'><strong>Pekingensi‚</strong></span> <span class='ocrx_word' id='word_1_9' title='bbox 1738 516 1829 572; x_wconf 91' lang='lat' dir='ltr'><strong>sed</strong></span> 
     </span>
     <span class='ocr_line' id='line_1_3' title="bbox 219 594 1828 672; baseline -0.005 -19"><span class='ocrx_word' id='word_1_10' title='bbox 219 597 532 672; x_wconf 85' lang='lat' dir='ltr'><strong>poscebatur</strong></span> <span class='ocrx_word' id='word_1_11' title='bbox 577 616 606 649; x_wconf 82' lang='lat' dir='ltr'>a</span> <span class='ocrx_word' id='word_1_12' title='bbox 638 596 809 667; x_wconf 83' lang='lat' dir='ltr'><strong>legato</strong></span> <span class='ocrx_word' id='word_1_13' title='bbox 864 596 1076 670; x_wconf 82' lang='lat' dir='ltr'><strong>Belgieo</strong></span> <span class='ocrx_word' id='word_1_14' title='bbox 1117 595 1280 648; x_wconf 84' lang='lat' dir='ltr'><strong>versio</strong></span> <span class='ocrx_word' id='word_1_15' title='bbox 1336 594 1535 648; x_wconf 76' lang='lat' dir='ltr'><strong>Gallica</strong></span> <span class='ocrx_word' id='word_1_16' title='bbox 1560 635 1574 658; x_wconf 94' lang='lat'><strong>,</strong></span> <span class='ocrx_word' id='word_1_17' title='bbox 1629 603 1688 645; x_wconf 85' lang='lat' dir='ltr'><strong>ut</strong></span> <span class='ocrx_word' id='word_1_18' title='bbox 1730 611 1828 666; x_wconf 91' lang='lat' dir='ltr'><strong>ope</strong></span> 
     </span>
     <span class='ocr_line' id='line_1_4' title="bbox 219 668 1831 745; baseline -0.005 -17"><span class='ocrx_word' id='word_1_19' title='bbox 219 673 529 728; x_wconf 83' lang='lat' dir='ltr'><strong>missionarii</strong></span> <span class='ocrx_word' id='word_1_20' title='bbox 577 672 766 726; x_wconf 84' lang='lat' dir='ltr'><strong>Ga&#39;llici</strong></span> <span class='ocrx_word' id='word_1_21' title='bbox 789 713 803 735; x_wconf 93' lang='lat'>‚</span> <span class='ocrx_word' id='word_1_22' title='bbox 858 682 987 725; x_wconf 84' lang='lat' dir='ltr'><strong>tunc</strong></span> <span class='ocrx_word' id='word_1_23' title='bbox 1042 670 1290 745; x_wconf 86' lang='lat' dir='ltr'><strong>temporis</strong></span> <span class='ocrx_word' id='word_1_24' title='bbox 1345 670 1400 723; x_wconf 94' lang='lat' dir='ltr'><strong>in</strong></span> <span class='ocrx_word' id='word_1_25' title='bbox 1454 669 1585 742; x_wconf 84' lang='lat' dir='ltr'><strong>urbe</strong></span> <span class='ocrx_word' id='word_1_26' title='bbox 1629 668 1831 740; x_wconf 80' lang='lat' dir='ltr'><strong>Peking</strong></span> 
     </span>
     <span class='ocr_line' id='line_1_5' title="bbox 219 743 1832 820; baseline -0.004 -19"><span class='ocrx_word' id='word_1_27' title='bbox 219 747 394 803; x_wconf 89' lang='lat' dir='ltr'><strong>sedem</strong></span> <span class='ocrx_word' id='word_1_28' title='bbox 424 747 665 801; x_wconf 84' lang='lat' dir='ltr'><strong>habentis</strong></span> <span class='ocrx_word' id='word_1_29' title='bbox 686 788 700 810; x_wconf 90' lang='lat'><strong>,</strong></span> <span class='ocrx_word' id='word_1_30' title='bbox 736 757 1104 820; x_wconf 80' lang='lat' dir='ltr'><strong>argumentum</strong></span> <span class='ocrx_word' id='word_1_31' title='bbox 1132 744 1378 820; x_wconf 85' lang='lat' dir='ltr'><strong>epistolae</strong></span> <span class='ocrx_word' id='word_1_32' title='bbox 1426 743 1672 817; x_wconf 73' lang='lat' dir='ltr'>Belgicae</span> <span class='ocrx_word' id='word_1_33' title='bbox 1723 762 1832 796; x_wconf 89' lang='lat' dir='ltr'><strong>me-</strong></span> 
     </span>
     <span class='ocr_line' id='line_1_6' title="bbox 218 819 1833 895; baseline -0.004 -18"><span class='ocrx_word' id='word_1_34' title='bbox 218 823 322 877; x_wconf 85' lang='lat' dir='ltr'><strong>lius</strong></span> <span class='ocrx_word' id='word_1_35' title='bbox 361 823 518 876; x_wconf 82' lang='lat' dir='ltr'><strong>etiam</strong></span> <span class='ocrx_word' id='word_1_36' title='bbox 541 822 763 895; x_wconf 79' lang='lat' dir='ltr'><strong>intelligi</strong></span> <span class='ocrx_word' id='word_1_37' title='bbox 780 833 950 895; x_wconf 90' lang='lat' dir='ltr'><strong>posset</strong></span> <span class='ocrx_word' id='word_1_38' title='bbox 969 822 1066 893; x_wconf 90' lang='lat'><strong>(1).</strong></span> <span class='ocrx_word' id='word_1_39' title='bbox 1091 854 1166 862; x_wconf 94' lang='grc'><strong>--</strong></span> <span class='ocrx_word' id='word_1_40' title='bbox 1192 820 1425 895; x_wconf 84' lang='lat' dir='ltr'><strong>Epistola</strong></span> <span class='ocrx_word' id='word_1_41' title='bbox 1459 819 1675 893; x_wconf 78' lang='lat' dir='ltr'>Belgica.</span> <span class='ocrx_word' id='word_1_42' title='bbox 1708 836 1833 871; x_wconf 86' lang='lat' dir='ltr'><strong>eum</strong></span> 
     </span>
     <span class='ocr_line' id='line_1_7' title="bbox 220 895 1826 962; baseline -0.004 -11"><span class='ocrx_word' id='word_1_43' title='bbox 220 898 454 953; x_wconf 83' lang='lat' dir='ltr'><strong>versione</strong></span> <span class='ocrx_word' id='word_1_44' title='bbox 484 896 693 962; x_wconf 68' lang='lat' dir='ltr'><strong>Sinica,</strong></span> <span class='ocrx_word' id='word_1_45' title='bbox 740 897 981 951; x_wconf 80' lang='lat' dir='ltr'><strong>Bataviae</strong></span> <span class='ocrx_word' id='word_1_46' title='bbox 1013 898 1185 962; x_wconf 58' lang='lat' dir='ltr'><strong>faeta,</strong></span> <span class='ocrx_word' id='word_1_47' title='bbox 1220 915 1364 950; x_wconf 81' lang='lat' dir='ltr'><strong>nunc</strong></span> <span class='ocrx_word' id='word_1_48' title='bbox 1395 895 1489 949; x_wconf 76' lang='lat' dir='ltr'><strong>hic</strong></span> <span class='ocrx_word' id='word_1_49' title='bbox 1523 903 1826 949; x_wconf 83' lang='lat' dir='ltr'><strong>servantur:</strong></span> 
     </span>
     <span class='ocr_line' id='line_1_8' title="bbox 221 969 1833 1046; baseline -0.004 -18"><span class='ocrx_word' id='word_1_50' title='bbox 221 974 364 1046; x_wconf 88' lang='lat' dir='ltr'><strong>prior</strong></span> <span class='ocrx_word' id='word_1_51' title='bbox 389 983 465 1027; x_wconf 87' lang='lat' dir='ltr'><strong>est</strong></span> <span class='ocrx_word' id='word_1_52' title='bbox 503 991 656 1026; x_wconf 84' lang='lat' dir='ltr'><strong>»een</strong></span> <span class='ocrx_word' id='word_1_53' title='bbox 695 971 1072 1046; x_wconf 57' lang='lat' dir='ltr'><strong>oriendelg&#39;jke</strong></span> <span class='ocrx_word' id='word_1_54' title='bbox 1111 971 1275 1043; x_wconf 83' lang='lat' dir='ltr'><strong>brief</strong></span> <span class='ocrx_word' id='word_1_55' title='bbox 1287 970 1344 1036; x_wconf 87' lang='lat'><strong>,&#39;&#39;</strong></span> <span class='ocrx_word' id='word_1_56' title='bbox 1390 969 1644 1045; x_wconf 84' lang='lat' dir='ltr'><strong>posterior</strong></span> <span class='ocrx_word' id='word_1_57' title='bbox 1683 986 1833 1022; x_wconf 81' lang='lat' dir='ltr'><strong>»een</strong></span> 
     </span>
     <span class='ocr_line' id='line_1_9' title="bbox 222 1045 1324 1121; baseline 0 -21"><span class='ocrx_word' id='word_1_58' title='bbox 222 1046 591 1121; x_wconf 80' lang='lat' dir='ltr'><strong>»ootmoedz’g</strong></span> <span class='ocrx_word' id='word_1_59' title='bbox 629 1045 1096 1118; x_wconf 64' lang='lat' dir='ltr'><strong>smeelsschrzft.&#39;’</strong></span> <span class='ocrx_word' id='word_1_60' title='bbox 1319 1073 1324 1078; x_wconf 95' lang='lat'><em>·</em></span> 
     </span>
    </p>
   </div>
   <div class='ocr_carea' id='block_1_3' title="bbox 598 1211 1527 1286">
    <p class='ocr_par' dir='ltr' id='par_1_3' title="bbox 598 1211 1527 1286">
     <span class='ocr_line' id='line_1_10' title="bbox 598 1211 1527 1286; baseline -0.006 -16"><span class='ocrx_word' id='word_1_61' title='bbox 598 1212 783 1275; x_wconf 82' lang='lat' dir='ltr'><strong>vul.</strong></span> <span class='ocrx_word' id='word_1_62' title='bbox 869 1211 1059 1273; x_wconf 88' lang='lat' dir='ltr'><strong>Libri</strong></span> <span class='ocrx_word' id='word_1_63' title='bbox 1094 1212 1328 1273; x_wconf 79' lang='lat' dir='ltr'><strong>Indici.</strong></span> <span class='ocrx_word' id='word_1_64' title='bbox 1370 1213 1455 1286; x_wconf 84' lang='lat'><strong>(2)</strong></span> <span class='ocrx_word' id='word_1_65' title='bbox 1524 1261 1527 1264; x_wconf 87' lang='grc'><em>,</em></span> 
     </span>
    </p>
   </div>
   <div class='ocr_carea' id='block_1_4' title="bbox 768 1335 1295 1430">
    <p class='ocr_par' dir='ltr' id='par_1_4' title="bbox 768 1335 1295 1430">
     <span class='ocr_line' id='line_1_11' title="bbox 768 1335 1295 1430; baseline -0.004 0"><span class='ocrx_word' id='word_1_66' title='bbox 768 1335 838 1430; x_wconf 79' lang='lat' dir='ltr'><strong>N.</strong></span> <span class='ocrx_word' id='word_1_67' title='bbox 902 1374 1295 1430; x_wconf 80' lang='lat' dir='ltr'><strong>ccxxxu.</strong></span> 
     </span>
    </p>
   </div>
   <div class='ocr_carea' id='block_1_5' title="bbox 332 1479 1837 1691">
    <p class='ocr_par' dir='ltr' id='par_1_5' title="bbox 332 1479 1837 1691">
     <span class='ocr_line' id='line_1_12' title="bbox 332 1479 1836 1558; baseline -0.004 -13"><span class='ocrx_word' id='word_1_68' title='bbox 332 1538 339 1545; x_wconf 85' lang='lat'><strong>.</strong></span> <span class='ocrx_word' id='word_1_69' title='bbox 416 1496 506 1557; x_wconf 72' lang='lat' dir='ltr'><strong>(ux</strong></span> <span class='ocrx_word' id='word_1_70' title='bbox 540 1495 710 1543; x_wconf 77' lang='lat' dir='ltr'><strong>wfflm.</strong></span> <span class='ocrx_word' id='word_1_71' title='bbox 741 1494 837 1544; x_wconf 67' lang='lat' dir='ltr'><strong>cat.</strong></span> <span class='ocrx_word' id='word_1_72' title='bbox 876 1479 918 1543; x_wconf 63' lang='grc' dir='ltr'><strong>ὲ».</strong></span> <span class='ocrx_word' id='word_1_73' title='bbox 955 1493 1086 1553; x_wconf 75' lang='lat'><strong>248,</strong></span> <span class='ocrx_word' id='word_1_74' title='bbox 1113 1511 1155 1558; x_wconf 82' lang='lat' dir='ltr'><strong>p.</strong></span> <span class='ocrx_word' id='word_1_75' title='bbox 1177 1493 1256 1541; x_wconf 89' lang='lat'><strong>37.</strong></span> <span class='ocrx_word' id='word_1_76' title='bbox 1329 1493 1415 1540; x_wconf 72' lang='lat' dir='ltr'><strong>Hic</strong></span> <span class='ocrx_word' id='word_1_77' title='bbox 1450 1509 1579 1540; x_wconf 76' lang='lat' dir='ltr'><strong>num.</strong></span> <span class='ocrx_word' id='word_1_78' title='bbox 1620 1496 1662 1540; x_wconf 74' lang='lat' dir='ltr'><strong>et</strong></span> <span class='ocrx_word' id='word_1_79' title='bbox 1701 1490 1836 1552; x_wconf 49' lang='grc' dir='ltr'><strong>με-</strong></span> 
     </span>
     <span class='ocr_line' id='line_1_13' title="bbox 480 1559 1837 1691; baseline -0.001 -80"><span class='ocrx_word' id='word_1_80' title='bbox 480 1563 836 1691; x_wconf 46' lang='lat' dir='ltr'><strong>‹gilelztszsmemti</strong></span> <span class='ocrx_word' id='word_1_81' title='bbox 876 1569 992 1630; x_wconf 16' lang='lat' dir='ltr'><strong>‘sunt</strong></span> <span class='ocrx_word' id='word_1_82' title='bbox 1031 1562 1311 1627; x_wconf 75' lang='lat' dir='ltr'><strong>conjunctim</strong></span> <span class='ocrx_word' id='word_1_83' title='bbox 1354 1577 1459 1610; x_wconf 86' lang='lat' dir='ltr'><strong>cum</strong></span> <span class='ocrx_word' id='word_1_84' title='bbox 1504 1561 1603 1607; x_wconf 78' lang='lat' dir='ltr'><strong>&#39;aliis</strong></span> <span class='ocrx_word' id='word_1_85' title='bbox 1653 1576 1677 1608; x_wconf 86' lang='lat' dir='ltr'><strong>e</strong></span> <span class='ocrx_word' id='word_1_86' title='bbox 1728 1559 1837 1609; x_wconf 80' lang='lat' dir='ltr'><strong>bibl.</strong></span> 
     </span>
    </p>
   </div>
   <div class='ocr_carea' id='block_1_6' title="bbox 218 1767 1836 2148">
    <p class='ocr_par' dir='ltr' id='par_1_6' title="bbox 218 1767 1836 2148">
     <span class='ocr_line' id='line_1_14' title="bbox 298 1767 1836 1846; baseline -0.003 -19"><span class='ocrx_word' id='word_1_87' title='bbox 298 1770 480 1829; x_wconf 70' lang='lat' dir='ltr'><strong>Codex·</strong></span> <span class='ocrx_word' id='word_1_88' title='bbox 500 1774 556 1826; x_wconf 90' lang='lat' dir='ltr'><strong>in</strong></span> <span class='ocrx_word' id='word_1_89' title='bbox 576 1773 669 1826; x_wconf 89' lang='lat' dir='ltr'><strong>fol.</strong></span> <span class='ocrx_word' id='word_1_90' title='bbox 689 1815 702 1838; x_wconf 90' lang='lat'>‚</span> <span class='ocrx_word' id='word_1_91' title='bbox 732 1775 835 1826; x_wconf 88' lang='grc'><strong>196</strong></span> <span class='ocrx_word' id='word_1_92' title='bbox 857 1773 1168 1846; x_wconf 83' lang='lat' dir='ltr'><strong>paginarum</strong></span> <span class='ocrx_word' id='word_1_93' title='bbox 1185 1811 1203 1837; x_wconf 90' lang='lat'>‚</span> <span class='ocrx_word' id='word_1_94' title='bbox 1227 1772 1319 1845; x_wconf 88' lang='lat' dir='ltr'><strong>qui</strong></span> <span class='ocrx_word' id='word_1_95' title='bbox 1351 1771 1585 1825; x_wconf 85' lang='lat' dir='ltr'><strong>eontinet</strong></span> <span class='ocrx_word' id='word_1_96' title='bbox 1610 1767 1836 1843; x_wconf 69' lang='lat' dir='ltr'><strong>dejoe</strong></span> 
     </span>
     <span class='ocr_line' id='line_1_15' title="bbox 223 1845 1835 1914; baseline -0.002 -12"><span class='ocrx_word' id='word_1_97' title='bbox 223 1846 671 1902; x_wconf 65' lang='lat' dir='ltr'><strong>Madlmmaelatz·</strong></span> <span class='ocrx_word' id='word_1_98' title='bbox 709 1866 758 1914; x_wconf 58' lang='lat' dir='ltr'><strong>S.</strong></span> <span class='ocrx_word' id='word_1_99' title='bbox 789 1848 1022 1901; x_wconf 83' lang='lat' dir='ltr'><strong>carmina</strong></span> <span class='ocrx_word' id='word_1_100' title='bbox 1070 1849 1126 1901; x_wconf 92' lang='lat' dir='ltr'><strong>in</strong></span> <span class='ocrx_word' id='word_1_101' title='bbox 1177 1847 1433 1901; x_wconf 88' lang='lat' dir='ltr'><strong>honorem</strong></span> <span class='ocrx_word' id='word_1_102' title='bbox 1471 1845 1835 1900; x_wconf 69' lang='lat' dir='ltr'><strong>Madhumffla-</strong></span> 
     </span>
     <span class='ocr_line' id='line_1_16' title="bbox 221 1920 1834 1995; baseline -0.002 -17"><span class='ocrx_word' id='word_1_103' title='bbox 221 1923 326 1978; x_wconf 80' lang='lat' dir='ltr'><strong>tiae</strong></span> <span class='ocrx_word' id='word_1_104' title='bbox 352 1964 365 1987; x_wconf 93' lang='lat'>‚</span> <span class='ocrx_word' id='word_1_105' title='bbox 407 1923 642 1977; x_wconf 84' lang='lat' dir='ltr'><strong>mulieris</strong></span> <span class='ocrx_word' id='word_1_106' title='bbox 681 1923 818 1977; x_wconf 89' lang='lat' dir='ltr'><strong>inter</strong></span> <span class='ocrx_word' id='word_1_107' title='bbox 858 1923 993 1976; x_wconf 91' lang='lat' dir='ltr'><strong>Deos</strong></span> <span class='ocrx_word' id='word_1_108' title='bbox 1041 1933 1301 1995; x_wconf 83' lang='lat' dir='ltr'><strong>receptae.</strong></span> <span class='ocrx_word' id='word_1_109' title='bbox 1385 1920 1593 1981; x_wconf 85' lang='lat' dir='ltr'><strong>Codex,</strong></span> <span class='ocrx_word' id='word_1_110' title='bbox 1636 1921 1691 1974; x_wconf 89' lang='lat' dir='ltr'><strong>in</strong></span> <span class='ocrx_word' id='word_1_111' title='bbox 1726 1921 1834 1974; x_wconf 89' lang='lat' dir='ltr'><strong>fine</strong></span> 
     </span>
     <span class='ocr_line' id='line_1_17' title="bbox 218 1995 1831 2073; baseline -0.002 -21"><span class='ocrx_word' id='word_1_112' title='bbox 218 1997 437 2052; x_wconf 86' lang='lat' dir='ltr'><strong>mutilus</strong></span> <span class='ocrx_word' id='word_1_113' title='bbox 461 2039 477 2063; x_wconf 87' lang='lat'>‚</span> <span class='ocrx_word' id='word_1_114' title='bbox 519 1999 740 2073; x_wconf 86' lang='lat' dir='ltr'><strong>scriptus</strong></span> <span class='ocrx_word' id='word_1_115' title='bbox 786 2008 862 2052; x_wconf 88' lang='lat' dir='ltr'><strong>est</strong></span> <span class='ocrx_word' id='word_1_116' title='bbox 900 1998 1081 2071; x_wconf 58' lang='lat' dir='ltr'><strong>linguai</strong></span> <span class='ocrx_word' id='word_1_117' title='bbox 1127 1996 1342 2051; x_wconf 63' lang='lat' dir='ltr'>Rhakha</span> <span class='ocrx_word' id='word_1_118' title='bbox 1366 2039 1381 2063; x_wconf 90' lang='lat'><strong><em>,</em></strong></span> <span class='ocrx_word' id='word_1_119' title='bbox 1427 1996 1613 2051; x_wconf 87' lang='lat' dir='ltr'><strong>litteris</strong></span> <span class='ocrx_word' id='word_1_120' title='bbox 1658 1995 1831 2069; x_wconf 67' lang='lat' dir='ltr'><strong>Kajti-</strong></span> 
     </span>
     <span class='ocr_line' id='line_1_18' title="bbox 220 2092 497 2148; baseline -0.014 -18"><span class='ocrx_word' id='word_1_121' title='bbox 220 2092 497 2148; x_wconf 64' lang='lat' dir='ltr'><strong>uagatum.</strong></span> 
     </span>
    </p>
   </div>
   <div class='ocr_carea' id='block_1_7' title="bbox 759 2236 1304 2293">
    <p class='ocr_par' dir='ltr' id='par_1_7' title="bbox 759 2236 1304 2293">
     <span class='ocr_line' id='line_1_19' title="bbox 759 2236 1304 2293; baseline -0.004 -1"><span class='ocrx_word' id='word_1_122' title='bbox 759 2238 827 2292; x_wconf 93' lang='lat' dir='ltr'><strong>N.</strong></span> <span class='ocrx_word' id='word_1_123' title='bbox 886 2236 1304 2293; x_wconf 83' lang='lat' dir='ltr'><strong>CCXXXIII.</strong></span> 
     </span>
    </p>
   </div>
   <div class='ocr_carea' id='block_1_8' title="bbox 429 2355 1830 2492">
    <p class='ocr_par' dir='ltr' id='par_1_8' title="bbox 429 2355 1830 2492">
     <span class='ocr_line' id='line_1_20' title="bbox 429 2355 1830 2423; baseline -0.001 -17"><span class='ocrx_word' id='word_1_124' title='bbox 429 2357 517 2423; x_wconf 88' lang='lat' dir='ltr'><strong>(Ex</strong></span> <span class='ocrx_word' id='word_1_125' title='bbox 554 2358 724 2407; x_wconf 73' lang='lat' dir='ltr'><strong>Wsslm.</strong></span> <span class='ocrx_word' id='word_1_126' title='bbox 755 2358 853 2407; x_wconf 82' lang='lat' dir='ltr'><strong>Cat.</strong></span> <span class='ocrx_word' id='word_1_127' title='bbox 902 2374 949 2407; x_wconf 87' lang='lat' dir='ltr'><strong>n.</strong></span> <span class='ocrx_word' id='word_1_128' title='bbox 988 2358 1115 2417; x_wconf 77' lang='lat'><strong>249,</strong></span> <span class='ocrx_word' id='word_1_129' title='bbox 1165 2375 1207 2422; x_wconf 86' lang='lat' dir='ltr'><strong>p.</strong></span> <span class='ocrx_word' id='word_1_130' title='bbox 1240 2356 1319 2406; x_wconf 88' lang='lat'><strong>37.</strong></span> <span class='ocrx_word' id='word_1_131' title='bbox 1406 2357 1476 2406; x_wconf 87' lang='lat' dir='ltr'><strong>De</strong></span> <span class='ocrx_word' id='word_1_132' title='bbox 1510 2358 1605 2420; x_wconf 84' lang='lat' dir='ltr'><strong>ejus</strong></span> <span class='ocrx_word' id='word_1_133' title='bbox 1648 2355 1830 2405; x_wconf 57' lang='lat' dir='ltr'><strong>historia}</strong></span> 
     </span>
     <span class='ocr_line' id='line_1_21' title="bbox 487 2425 1028 2492; baseline 0.006 -21"><span class='ocrx_word' id='word_1_134' title='bbox 487 2425 587 2474; x_wconf 87' lang='lat' dir='ltr'><strong>vide</strong></span> <span class='ocrx_word' id='word_1_135' title='bbox 617 2426 670 2474; x_wconf 82' lang='lat' dir='ltr'><strong>ad</strong></span> <span class='ocrx_word' id='word_1_136' title='bbox 699 2429 827 2475; x_wconf 61' lang='lat' dir='ltr'><strong>num.</strong></span> <span class='ocrx_word' id='word_1_137' title='bbox 862 2426 1028 2492; x_wconf 84' lang='lat' dir='ltr'><strong>praec.)</strong></span> 
     </span>
    </p>
   </div>
   <div class='ocr_carea' id='block_1_9' title="bbox 217 2553 1834 2929">
    <p class='ocr_par' dir='ltr' id='par_1_9' title="bbox 217 2553 1834 2929">
     <span class='ocr_line' id='line_1_22' title="bbox 295 2553 1834 2628; baseline -0.004 -16"><span class='ocrx_word' id='word_1_138' title='bbox 295 2557 469 2613; x_wconf 86' lang='lat' dir='ltr'><strong>Codex</strong></span> <span class='ocrx_word' id='word_1_139' title='bbox 520 2558 576 2610; x_wconf 91' lang='lat' dir='ltr'><strong>in</strong></span> <span class='ocrx_word' id='word_1_140' title='bbox 626 2556 715 2609; x_wconf 88' lang='lat' dir='ltr'><strong>fol.</strong></span> <span class='ocrx_word' id='word_1_141' title='bbox 764 2556 894 2608; x_wconf 88' lang='lat' dir='ltr'><strong>min.</strong></span> <span class='ocrx_word' id='word_1_142' title='bbox 921 2596 934 2619; x_wconf 89' lang='lat'>,</span> <span class='ocrx_word' id='word_1_143' title='bbox 999 2557 1107 2608; x_wconf 75' lang='lat'><strong>544</strong></span> <span class='ocrx_word' id='word_1_144' title='bbox 1156 2554 1483 2628; x_wconf 82' lang='lat' dir='ltr'><strong>paginarum.</strong></span> <span class='ocrx_word' id='word_1_145' title='bbox 1585 2553 1834 2608; x_wconf 87' lang='lat' dir='ltr'><strong>Continet</strong></span> 
     </span>
     <span class='ocr_line' id='line_1_23' title="bbox 218 2629 1830 2704; baseline -0.005 -16"><span class='ocrx_word' id='word_1_146' title='bbox 218 2635 323 2687; x_wconf 90' lang='lat' dir='ltr'><strong>duo</strong></span> <span class='ocrx_word' id='word_1_147' title='bbox 358 2633 623 2696; x_wconf 82' lang='lat' dir='ltr'><strong>carmina,</strong></span> <span class='ocrx_word' id='word_1_148' title='bbox 663 2650 886 2704; x_wconf 85' lang='lat' dir='ltr'><strong>quorum</strong></span> <span class='ocrx_word' id='word_1_149' title='bbox 920 2631 1063 2703; x_wconf 88' lang='lat' dir='ltr'><strong>prius</strong></span> <span class='ocrx_word' id='word_1_150' title='bbox 1093 2629 1533 2692; x_wconf 60' lang='lat' dir='ltr'><strong>Lanluilcdnda,</strong></span> <span class='ocrx_word' id='word_1_151' title='bbox 1575 2630 1830 2702; x_wconf 84' lang='lat' dir='ltr'><strong>posterius</strong></span> 
     </span>
     <span class='ocr_line' id='line_1_24' title="bbox 222 2704 1831 2778; baseline -0.004 -16"><span class='ocrx_word' id='word_1_152' title='bbox 222 2706 582 2762; x_wconf 63' lang='lat' dir='ltr'><strong>Balakdnda</strong></span> <span class='ocrx_word' id='word_1_153' title='bbox 615 2707 926 2778; x_wconf 83' lang='lat' dir='ltr'><strong>inscriptum</strong></span> <span class='ocrx_word' id='word_1_154' title='bbox 966 2715 1060 2757; x_wconf 88' lang='lat' dir='ltr'><strong>est.</strong></span> <span class='ocrx_word' id='word_1_155' title='bbox 1144 2705 1442 2776; x_wconf 88' lang='lat' dir='ltr'><strong>Utrumque</strong></span> <span class='ocrx_word' id='word_1_156' title='bbox 1477 2724 1506 2758; x_wconf 90' lang='lat' dir='ltr'><strong>e</strong></span> <span class='ocrx_word' id='word_1_157' title='bbox 1539 2704 1831 2776; x_wconf 79' lang='lat' dir='ltr'><strong>Ramajana</strong></span> 
     </span>
     <span class='ocr_line' id='line_1_25' title="bbox 218 2779 1829 2854; baseline -0.004 -16"><span class='ocrx_word' id='word_1_158' title='bbox 218 2802 424 2838; x_wconf 86' lang='lat' dir='ltr'><strong>versum</strong></span> <span class='ocrx_word' id='word_1_159' title='bbox 465 2791 542 2835; x_wconf 89' lang='lat' dir='ltr'><strong>est</strong></span> <span class='ocrx_word' id='word_1_160' title='bbox 581 2781 637 2834; x_wconf 92' lang='lat' dir='ltr'><strong>in</strong></span> <span class='ocrx_word' id='word_1_161' title='bbox 665 2781 901 2854; x_wconf 78' lang='lat' dir='ltr'><strong>linguam</strong></span> <span class='ocrx_word' id='word_1_162' title='bbox 941 2779 1214 2832; x_wconf 57' lang='lat' dir='ltr'>Rhakham</span> <span class='ocrx_word' id='word_1_163' title='bbox 1256 2798 1284 2830; x_wconf 83' lang='lat' dir='ltr'>a</span> <span class='ocrx_word' id='word_1_164' title='bbox 1321 2779 1634 2832; x_wconf 67' lang='lat' dir='ltr'><strong>Tulasidfisa.</strong></span> <span class='ocrx_word' id='word_1_165' title='bbox 1717 2779 1829 2832; x_wconf 89' lang='lat' dir='ltr'><strong>Lit-</strong></span> 
     </span>
     <span class='ocr_line' id='line_1_26' title="bbox 217 2855 1002 2929; baseline -0.003 -18"><span class='ocrx_word' id='word_1_166' title='bbox 217 2870 358 2914; x_wconf 85' lang='lat' dir='ltr'><strong>terae</strong></span> <span class='ocrx_word' id='word_1_167' title='bbox 399 2867 519 2911; x_wconf 89' lang='lat' dir='ltr'><strong>sunt</strong></span> <span class='ocrx_word' id='word_1_168' title='bbox 561 2855 1002 2929; x_wconf 58' lang='lat' dir='ltr'><strong>Kajtinagaricae.</strong></span> 
     </span>
    </p>
   </div>
   <div class='ocr_carea' id='block_1_10' title="bbox 229 3151 510 3165">
    <p class='ocr_par' dir='ltr' id='par_1_10' title="bbox 229 3151 510 3165">
     <span class='ocr_line' id='line_1_27' title="bbox 229 3151 510 3165; baseline 0 909"><span class='ocrx_word' id='word_1_169' title='bbox 229 3151 510 3165; x_wconf 95' lang='lat' dir='ltr'><strong> </strong></span> 
     </span>
    </p>
   </div>
   <div class='ocr_carea' id='block_1_11' title="bbox 282 3232 1787 3378">
    <p class='ocr_par' dir='ltr' id='par_1_11' title="bbox 282 3232 1787 3378">
     <span class='ocr_line' id='line_1_28' title="bbox 284 3232 763 3312; baseline 0.004 -18"><span class='ocrx_word' id='word_1_170' title='bbox 284 3247 361 3308; x_wconf 77' lang='grc' dir='ltr'><strong>(ι)</strong></span> <span class='ocrx_word' id='word_1_171' title='bbox 398 3247 425 3295; x_wconf 87' lang='grc' dir='ltr'><strong>ι.</strong></span> <span class='ocrx_word' id='word_1_172' title='bbox 451 3249 482 3296; x_wconf 91' lang='lat'><strong>1.</strong></span> <span class='ocrx_word' id='word_1_173' title='bbox 517 3232 618 3312; x_wconf 66' lang='lat' dir='ltr'><strong>pag:</strong></span> <span class='ocrx_word' id='word_1_174' title='bbox 657 3246 763 3296; x_wconf 77' lang='lat'><strong>182.</strong></span> 
     </span>
     <span class='ocr_line' id='line_1_29' title="bbox 282 3311 1787 3378; baseline -0.001 -18"><span class='ocrx_word' id='word_1_175' title='bbox 282 3314 356 3377; x_wconf 89' lang='grc'><strong>(2)</strong></span> <span class='ocrx_word' id='word_1_176' title='bbox 395 3315 570 3365; x_wconf 81' lang='lat' dir='ltr'><strong>Horum</strong></span> <span class='ocrx_word' id='word_1_177' title='bbox 608 3314 956 3378; x_wconf 74' lang='lat' dir='ltr'><strong>descriptionem</strong></span> <span class='ocrx_word' id='word_1_178' title='bbox 988 3312 1125 3362; x_wconf 82' lang='lat' dir='ltr'><strong>debeo</strong></span> <span class='ocrx_word' id='word_1_179' title='bbox 1162 3312 1272 3360; x_wconf 84' lang='lat' dir='ltr'><strong>Viro</strong></span> <span class='ocrx_word' id='word_1_180' title='bbox 1309 3311 1454 3361; x_wconf 80' lang='lat' dir='ltr'><strong>Clar.⁰</strong></span> <span class='ocrx_word' id='word_1_181' title='bbox 1491 3312 1544 3360; x_wconf 65' lang='grc' dir='ltr'><strong>Α,</strong></span> <span class='ocrx_word' id='word_1_182' title='bbox 1578 3311 1787 3376; x_wconf 76' lang='lat' dir='ltr'><strong>RutgerS.</strong></span> 
     </span>
    </p>
   </div>
   <div class='ocr_carea' id='block_1_12' title="bbox 1436 3405 1499 3452">
    <p class='ocr_par' dir='ltr' id='par_1_12' title="bbox 1436 3405 1499 3452">
     <span class='ocr_line' id='line_1_30' title="bbox 1436 3405 1499 3452; baseline 0 0"><span class='ocrx_word' id='word_1_183' title='bbox 1436 3405 1499 3452; x_wconf 86' lang='lat'><strong>36</strong></span> 
     </span>
    </p>
   </div>
  </div>
 </body>
</html>
