2184 4074
961 374 1067 424 213

209 608 320 670 IV.
406 609 596 672 Libri
632 609 889 672 Persice
928 610 1196 692 scripti,
1241 621 1356 672 aut
1399 613 1489 675 ad
1530 614 1824 695 linguam

446 724 512 776 et
552 717 812 778 litteras
854 715 1149 778 Persicas
1191 725 1574 798 spectantes.

507 922 581 980 A.
669 918 1106 1000 Lexicologici
1147 922 1544 1000 argumenti.

844 1115 913 1170 N.
973 1115 1190 1171 CLIX.

413 1235 503 1303 (Ex
534 1237 710 1287 Willm.
747 1237 842 1286 Cat.
880 1254 923 1287 n.
945 1235 1038 1297 83,
1070 1255 1117 1302 p.
1148 1239 1221 1288 15.
1294 1238 1562 1298 Incertum,
1601 1236 1828 1303 quomodo

480 1305 538 1354 ad
572 1305 695 1356 hune
732 1306 942 1370 venerit.)

285 1448 445 1504 Liber
481 1449 536 1504 in
579 1452 642 1502 80
674 1449 840 1513 min.,
901 1451 1009 1504 309
1040 1450 1355 1523 paginarum
1380 1491 1395 1515 ,
1449 1468 1612 1507 manu
1653 1447 1718 1504 A.
1764 1448 1827 1502 F.

211 1523 636 1580 Woltersdorffz'z‘
671 1524 949 1598 perspicue
989 1525 1210 1599 scriptus
1253 1536 1303 1578 et
1355 1525 1490 1580 bene
1526 1533 1830 1599 compactus

213 1600 522 1656 orientalem
552 1601 607 1654 in
645 1619 863 1673 morem.
945 1599 1171 1654 Exhibet
1211 1601 1439 1656 Lexicon
1470 1598 1831 1670 Persico-Ger-

211 1676 481 1731 manicum
505 1718 519 1742 ,
562 1674 745 1730 ordine
791 1675 1120 1750 alphabetico
1160 1675 1488 1750 dispositum.
1579 1674 1831 1730 Willme÷

214 1761 310 1805 tus
348 1752 529 1807 statuit
554 1793 568 1817 ‚
622 1750 757 1805 illud
797 1770 826 1803 a
878 1751 1308 1806 Woltersdorffz‘o
1352 1753 1464 1826 ipso
1524 1752 1579 1805 in
1622 1750 1833 1806 Oriente

214 1826 372 1882 fuisse
432 1827 765 1891 confectum,
821 1825 908 1880 cui
967 1827 1202 1900 opinioni
1254 1846 1376 1882 sane
1434 1827 1577 1882 favet
1620 1825 1832 1878 habitus

213 1900 371 1966 libri,
412 1903 608 1976 quippe
640 1901 693 1954 in
730 1921 835 1974 quo
871 1919 1023 1955 voces
1064 1902 1160 1954 sub
1190 1903 1360 1976 prima
1398 1902 1588 1956 harum
1621 1901 1830 1965 littera,

214 1977 363 2031 nulla
405 1977 838 2051 subsequentium
889 1977 1183 2032 litterarum
1217 1978 1398 2032 habita
1439 1978 1640 2031 ratione
1662 2018 1677 2038 ‚
1722 1976 1834 2029 sine

216 2053 399 2109 ordine
439 2053 780 2108 collocantur.
860 2051 1215 2106 Nihilominus
1248 2064 1405 2118 nota,
1446 2074 1500 2127 p.
1534 2056 1642 2106 506
1684 2051 1835 2105 seriei

217 2130 493 2183 nominum
536 2129 611 2203 (p.
649 2124 968 2199 306-309)
1023 2128 1338 2201 praemissa:
1398 2127 1836 2181 »Verschiedene

220 2204 492 2260 »Nomina
518 2245 532 2269 ,
594 2203 793 2258 welche
837 2203 910 2256 im
951 2203 1276 2277 Manuscript
1321 2223 1423 2257 nur
1472 2204 1569 2256 mit
1608 2203 1835 2256 Lateini-

221 2280 428 2335 »schen
478 2281 694 2334 Lettern
754 2278 1094 2352 geschrieben
1136 2278 1354 2333 waren'’
1409 2278 1706 2333 luculenter
1745 2276 1837 2328 do-

220 2366 303 2410 cet
328 2397 341 2420 ,
366 2375 488 2410 eum
521 2356 576 2408 in
608 2354 710 2409 hoc
740 2355 874 2407 libro
906 2354 1235 2408 conficiendo
1275 2355 1433 2408 etiam
1469 2355 1614 2408 fonte
1644 2353 1839 2425 scripto

220 2449 373 2485 usum
413 2431 604 2496 fuisse,
649 2449 912 2505 quonam,
966 2450 1052 2484 me
1085 2431 1325 2504 ignorare
1364 2431 1550 2484 fateor.
1633 2429 1694 2483 In
1731 2428 1840 2480 fine

222 2507 401 2563 Lexici
441 2506 651 2560 additur
692 2504 967 2582 Appendix
1003 2508 1264 2561 mensium
1289 2548 1304 2572 ,
1347 2506 1549 2562 dierum
1595 2514 1647 2558 et
1685 2504 1836 2558 festo.-

220 2601 339 2638 rum
378 2581 726 2640 Persicorum.

540 2777 609 2836 B.
698 2778 1104 2858 Epistolaris‘
1127 2777 1523 2858 argumenti.

884 2964 953 3018 N.
1012 2963 1184 3019 CLX.

429 3086 516 3148 (Ex
546 3084 720 3135 Willm.
758 3082 857 3134 Cat.
892 3103 937 3134 n.
958 3083 1056 3132 213
1076 3121 1089 3143 ‚
1124 3102 1170 3148 p.
1192 3083 1272 3130 31.
1346 3083 1414 3130 Ab
1448 3081 1532 3130 hoc
1552 3087 1698 3130 emtus
1728 3086 1792 3130 est
1820 3099 1851 3130 e-

500 3153 607 3203 bibl.
637 3154 927 3213 Walravenz‘,
966 3155 1095 3217 cujus
1132 3152 1231 3199 vide
1270 3150 1408 3201 catal.
1443 3168 1486 3215 p.
1507 3150 1601 3211 58,
1638 3167 1685 3198 n.
1706 3149 1807 3209 34.)

309 3290 483 3347 Codex
521 3294 576 3346 in
620 3294 714 3358 40,
771 3295 842 3347 70
880 3293 1219 3368 paginarum,
1262 3288 1567 3345 nitidissime
1608 3301 1847 3345 exaratus

235 3376 286 3421 et
319 3367 453 3424 bene
488 3379 835 3424 conservatus,
917 3368 1167 3442 Singulae
1214 3367 1434 3440 paginae
1479 3366 1844 3444 complectun-
