2184 4074
323 783 566 848 LIBRI
610 782 1197 849 MANUSCRIPTI
1246 783 1793 848 ORIENTALES.

301 1309 355 1374 Ι.
419 1311 610 1372 Libri
645 1312 968 1372 Hebraice
1006 1311 1239 1392 scripti
1270 1319 1387 1372 aut
1418 1307 1506 1372 ad
1541 1312 1833 1392 linguam

671 1391 1056 1475 He'braeam⁴
1078 1401 1458 1473 spectantes.

969 1556 1038 1611 N.
1108 1557 1155 1612 Ι.

456 1653 543 1721 (Ex
582 1653 803 1702 Willmett'
826 1654 1034 1721 Catalogo
1065 1672 1108 1703 n.
1132 1655 1230 1703 215
1263 1655 1310 1703 in
1340 1671 1385 1717 p.
1406 1656 1485 1703 31.
1524 1655 1592 1703 Ab
1622 1654 1708 1703 hoc
1733 1660 1876 1703 emtus

531 1727 594 1770 est
623 1740 646 1770 e
671 1722 780 1774 bibl.
799 1723 1064 1772 Walraveni
1076 1758 1089 1782 ‚
1126 1724 1254 1786 cujus
1285 1722 1384 1771 vide
1410 1723 1547 1773 Catal.
1567 1741 1609 1788 p.
1628 1722 1691 1770 57
1712 1740 1758 1772 n.
1782 1724 1876 1786 10.)

339 1860 601 1914 Volumen
625 1859 838 1916 chartae
860 1882 1206 1935 pergamenae
1224 1903 1240 1926 ,
1263 1863 1313 1915 in
1339 1880 1445 1934 quo
1469 1863 1644 1916 Liber
1665 1863 1876 1916 Esthe-

265 1955 369 1988 rae
405 1939 631 2010 scriptus
670 1949 767 1992 est.
847 1939 1088 2010 Longum
1124 1950 1200 1991 est
1235 1957 1390 1991 unam
1433 1937 1660 2010 palmam
1698 1949 1751 1992 et
1791 1958 1878 1992 sex

266 2010 487 2084 pollices
520 2012 845 2067 Neerlandos
869 2055 880 2076 ,
921 2015 1084 2067 latum
1122 2032 1243 2068 vero
1282 2013 1409 2066 duas
1442 2013 1591 2066 ulnas
1621 2025 1674 2066 et
1709 2033 1879 2088 prope

265 2105 351 2140 sex
390 2088 608 2160 palmaS.
690 2088 791 2143 Sex
838 2100 1044 2143 constat
1078 2089 1412 2143 membranae
1452 2090 1692 2162 partibus
1737 2091 1876 2144 inae-

264 2163 410 2234 quali
451 2163 733 2217 latitudine
758 2205 773 2227 ,
816 2165 953 2217 inter
994 2184 1046 2216 se
1097 2165 1365 2226 consutis3
1413 2164 1742 2236 undeviginti
1781 2184 1876 2218 au-

261 2247 367 2289 tem
403 2240 695 2309 scripturae
730 2239 1001 2292 columnas
1037 2240 1225 2300 offert,
1270 2258 1495 2311 quarum
1529 2241 1712 2293 itidem
1741 2241 1875 2294 aliae

262 2311 378 2364 aliis
430 2312 640 2365 latiores
688 2326 830 2369 sunt.
909 2315 1021 2368 Nec
1070 2314 1296 2367 eundem
1364 2333 1577 2386 quoque
1632 2333 1876 2369 versuum

263 2405 543 2440 numerum
582 2387 678 2442 hae
712 2389 1019 2445 continent:
1065 2403 1167 2443 tres
1201 2390 1403 2462 primae
1427 2430 1441 2451 ,
1485 2409 1620 2461 quae
1661 2393 1874 2462 majori-

263 2463 362 2515 bus
399 2462 592 2516 litteris
626 2475 678 2517 et
715 2465 881 2517 fusius
917 2475 1038 2517 sunt
1073 2465 1297 2538 scriptae
1325 2505 1337 2527 ‚
1386 2468 1486 2528 183
1532 2484 1616 2518 sex
1650 2485 1875 2539 sequen-

266 2549 376 2598 teS,
420 2557 554 2611 quae
606 2540 787 2612 paullo
842 2541 1135 2594 minoribus
1173 2551 1225 2593 et
1266 2541 1528 2612 pressim,
1573 2543 1679 2605 213
1740 2542 1874 2596 aliae

266 2614 422 2666 etiam
462 2614 640 2686 plures
678 2617 738 2668 ad
779 2619 847 2668 25
887 2634 1069 2687 usque.
1153 2617 1337 2669 Manus
1377 2626 1454 2668 sat
1490 2615 1625 2668 bona
1666 2628 1718 2669 et
1753 2637 1874 2690 per-

267 2690 447 2760 spicua
478 2700 586 2754 est,
631 2703 683 2742 at
716 2710 888 2763 neque
918 2691 1301 2763 elegantissima
1336 2709 1431 2743 nec
1467 2693 1670 2763 ubique
1703 2693 1874 2747 firma.

266 2764 554 2817 Vocalibus
593 2764 905 2819 destitutum
937 2778 1050 2828 est,
1094 2776 1146 2818 et
1189 2766 1342 2817 verba
1379 2767 1449 2818 ita
1485 2769 1623 2820 inter
1656 2786 1708 2820 se
1747 2786 1875 2821 con-

268 2839 507 2903 tinuata,
553 2851 610 2892 ut
653 2842 890 2894 colorum
942 2840 1157 2914 quidem
1204 2841 1474 2893 distinctio
1511 2842 1658 2895 nulla
1710 2862 1873 2916 appa·

268 2925 419 2975 reat,
461 2914 600 2968 solae
638 2927 812 2970 autern
853 2919 1111 2970 sectiones
1144 2917 1367 2987 majores
1403 2917 1598 2970 relictis
1628 2919 1812 2990 spatiis
1847 2938 1876 2971 a

266 3007 320 3042 se
357 2990 583 3043 invicem
618 3003 887 3064 separatae
927 2994 1053 3046 sint.
1134 2994 1291 3046 Aetas
1323 3010 1427 3044 non
1464 2993 1730 3050 indicata:
1776 2995 1874 3049 tria

269 3075 322 3117 et
361 3064 446 3117 vel
480 3066 633 3136 plura
674 3066 880 3120 saecula
918 3067 1112 3121 habere
1150 3078 1353 3139 potest,
1397 3087 1493 3121 nec
1529 3070 1700 3122 multo
1733 3081 1875 3124 certe

269 3141 532 3193 recentius
571 3161 680 3195 esse
705 3183 718 3206 ‚
760 3141 1008 3216 pallidior
1049 3153 1100 3196 et
1141 3143 1203 3194 ad
1244 3142 1436 3196 flavum
1477 3164 1693 3217 vergens
1734 3156 1874 3199 atra-

269 3216 438 3268 menti
478 3216 622 3270 color
657 3219 850 3289 arguit.
931 3219 1064 3273 Cum
1103 3221 1391 3290 tegumenti
1433 3239 1615 3293 expers
1646 3223 1749 3284 sit,
1791 3240 1875 3275 ex-

273 3290 431 3342 terior
473 3292 586 3362 ejus
622 3312 741 3365 pars
778 3294 1053 3366 paululum
1091 3294 1226 3366 aqua
1262 3304 1313 3346 et
1343 3296 1560 3368 pulvere
1599 3296 1874 3368 inquinata

269 3374 374 3429 est,
419 3366 640 3420 interior
679 3388 800 3423 vero
836 3370 967 3423 bene
1004 3381 1325 3423 conservata.

1584 3448 1603 3492 l
