2184 4074
1136 376 1210 441 48

368 534 524 599 W
555 528 614 578 et
647 493 738 596 υἷῗ
758 565 774 591 ,
810 527 1031 602 agilis,
1053 535 1323 602 promtus
1335 529 1472 600 fuit
1487 547 1509 595 ‚⁸
1550 537 1686 587 caet.

962 776 1032 837 N.
1090 775 1382 838 XXVIL

564 881 655 943 (Ex
678 878 855 928 winm.
887 878 987 928 cat.
1019 878 1200 928 11.218ν
1222 881 1271 929 in
1306 898 1353 945 ρ.
1377 880 1460 930 31.
1530 881 1601 931 Ab
1631 840 1718 932 11‘00
1750 889 1898 934 emtus>
1922 886 1989 935 ese
2028 856 2033 857 ἢ

630 966 655 998 e
684 949 795 998 bibl.
826 947 1114 1008 widrat-eni,
1151 950 1281 1014 cujus
1307 949 1409 999 vide
1437 949 1537 1001 cat.
1570 968 1619 1016 p.
1641 951 1707 1002 38
1740 968 1791 1002 n.
1813 953 1920 1014 35.)

438 1060 698 1138 Sequitur
728 1063 1020 1139 descriptio
1045 1062 1258 1119 Codicis
1278 1106 1293 1129 ,
1323 1065 1453 1138 qui,
1486 1077 1675 1140 utpote
1696 1057 1989 1124 Arabio-os

361 1136 527 1193 libros
564 1142 845 1195 continens
880 1151 933 1194 et
966 1140 1170 1214 potiori
1201 1160 1262 1195 ex
1299 1152 1450 1214 parte
1478 1147 1870 1216 grammatici
1902 1162 1991 1198 ar-

360 1218 605 1289 gumenti
624 1257 641 1283 ,
680 1216 977 1271 necessario
1016 1216 1072 1269 in
1108 1215 1210 1270 hac
1248 1215 1490 1289 Catalogi
1525 1221 1762 1274 sectione
1795 1229 1991 1274 notan-

359 1292 458 1345 dus
489 1293 614 1349 fuit.
693 1293 883 1347 Putavi
921 1303 1133 1355 tamen,
1171 1302 1232 1346 ut
1279 1292 1568 1366 peculiaris
1613 1296 1728 1368 ejus
1762 1295 1902 1349 ratio
1935 1283 1991 1350 et

356 1367 565 1442 insigne
599 1368 834 1442 pretium
863 1368 1030 1441 magis
1063 1368 1506 1442 conspicerentur
1532 1411 1546 1435 ,
1589 1370 1989 1444 quodammodo

355 1463 388 1498 a
434 1445 659 1518 reliquis
702 1464 826 1499 eum
871 1445 1090 1498 seorsim
1141 1444 1452 1517 ponendum
1507 1465 1636 1504 esse.
1735 1447 1807 1502 Et
1851 1444 1986 1501 haec

354 1538 485 1594 ergo
532 1540 688 1574 causa
738 1532 853 1586 est,
909 1539 1005 1574 cur
1050 1521 1254 1574 ultimo
1289 1519 1382 1575 hic
1418 1520 1540 1575 loco
1586 1541 1711 1576 eum
1751 1521 1987 1577 colloca·-

356 1597 526 1651 verim
547 1638 561 1662 ‚
592 1596 839 1671 neglecto
861 1596 1119 1670 temporis
1151 1595 1372 1653 ordine:
1402 1616 1562 1670 quem
1584 1599 1628 1652 si
1659 1615 1944 1654 servassem
1965 1638 1981 1662 ,

355 1670 487 1727 huic
525 1674 609 1744 (ut
645 1692 768 1727 mox
803 1671 1109 1747 apparebit)
1144 1673 1304 1726 etiarn
1340 1684 1463 1727 ante
1511 1692 1569 1729 n.
1607 1674 1714 1728 XII
1758 1673 1985 1746 (librum

353 1747 594 1814 Earini,
650 1748 898 1804 defuncti
947 1769 998 1805 a.
1038 1751 1146 1803 515
1192 1759 1285 1803 aut
1331 1752 1474 1820 516)
1530 1749 1680 1804 locus
1730 1748 1986 1824 assignari

355 1823 648 1880 debuisset.

433 1901 528 1956 Est
578 1901 746 1975 igitur
798 1899 977 1956 Codex
1027 1899 1083 1954 in
1137 1897 1232 1962 4⁰,
1286 1897 1543 1954 foliorum
1597 1901 1741 1967 163,
1789 1899 1988 1957 litteris

354 1978 640 2031 maximam
684 1987 894 2054 partem
930 1975 1179 2032 Arabicis
1219 1973 1393 2046 (char.
1431 1984 1639 2058 &sm-3
1680 1985 1734 2032 et
1771 1993 1986 2049 expres-

357 2068 462 2135 sis,
516 2080 570 2124 at
619 2068 958 2143 imperitiuS,
1003 2067 1189 2123 multis
1233 2066 1571 2137 vocalibus),
1614 2067 1811 2141 passim
1855 2086 1988 2122 vero

356 2145 520 2202 etiam
555 2145 902 2201 Samaritanis
922 2187 937 2211 ,
978 2144 1133 2199 valde
1166 2144 1450 2218 perspicue
1487 2144 1718 2217 scriptus
1741 2160 1859 2208 ,ac
1892 2162 1985 2197 ve-

356 2223 498 2276 tusta
546 2221 815 2295 ligatura,
876 2221 1028 2294 cujus
1081 2218 1326 2293 superior
1377 2238 1501 2294 pars
1548 2217 1800 2272 nonnihil
1845 2217 1989 2272 laesa*

354 2307 471 2363 est,
522 2297 647 2352 satis
697 2298 834 2352 bene
880 2306 1213 2370 compactus,
1293 2294 1339 2350 Α
1386 2295 1650 2349 vermium
1700 2295 1834 2348 noxa
1872 2307 1991 2348 non

355 2376 562 2447 integer
613 2385 726 2438 est,
770 2374 865 2447 qui
901 2374 1198 2446 scripturae
1245 2382 1423 2425 tamen
1465 2370 1568 2443 ipsi
1602 2379 1982 2444 pepercerunt.

354 2451 575 2505 Praeter
622 2469 841 2503 manum
891 2468 1027 2523 quae
1067 2448 1224 2521 longe
1265 2445 1521 2520 pleraque
1566 2445 1837 2508 exaravit,
1879 2464 1985 2498 una

354 2526 527 2580 multo
576 2526 739 2580 etiam
775 2525 870 2580 illa
920 2524 1196 2598 antiquior
1240 2541 1362 2575 nec·
1392 2522 1567 2575 minus
1621 2530 1766 2576 certe
1806 2521 1979 2583 bona,

355 2603 491 2657 aliae
543 2621 668 2657 vero
714 2600 887 2655 multo
940 2598 1266 2655 recentiores
1318 2608 1371 2651 et
1422 2597 1667 2671 pejores,
1710 2615 1765 2650 se
1815 2597 1871 2650 in
1918 2611 1985 2649 eo

357 2679 623 2735 offerunt:
669 2677 751 2732 iili
781 2676 1047 2732 debentur
1081 2675 1307 2750 paginae
1342 2675 1639 2737 90-175,
1682 2670 1766 2726 his
1799 2671 1980 2735 varia,

356 2757 414 2810 in
445 2754 589 2810 foliis
624 2772 760 2828 quae
790 2772 957 2809 vacua
988 2752 1176 2807 relicta
1205 2751 1418 2804 fuerant
1439 2791 1454 2815 ,
1492 2757 1764 2803 annotata.
1839 2745 1985 2803 Con·-

356 2833 495 2888 tinet
530 2842 807 2905 syntagma
854 2829 1116 2885 librorum
1142 2869 1157 2894 ,
1200 2846 1228 2881 a
1264 2825 1485 2880 diversis
1524 2823 1832 2879 auctoribus
1867 2821 1984 2879 Sa-

356 2911 680 2961 marz'tanz's
733 2906 967 2961 Arabice
1014 2906 1376 2978 scriptorum,
1437 2910 1491 2955 et
1540 2900 1595 2954 in
1645 2918 1742 2954 suo
1787 2915 1985 2974 genere

358 2993 467 3038 tam
506 2981 786 3058 singularis
817 2993 930 3046 est,
973 2992 1033 3035 ut
1070 2979 1209 3034 mihi
1243 2978 1462 3053 quidem
1498 2977 1680 3031 nullus
1712 2975 1763 3029 ei
1794 2974 1983 3028 similis

357 3070 517 3115 notus
561 3059 651 3114 sit.
731 3058 1083 3134 Dignissimus
1131 3075 1257 3128 ergo
1308 3055 1487 3113 foret,
1542 3052 1637 3126 qui
1681 3050 1983 3104 accuratius

358 3136 521 3191 etiam
554 3143 610 3190 et
641 3134 944 3209 copiosius,
982 3153 1142 3207 quam
1174 3130 1334 3204 hujus
1366 3128 1601 3183 instituti
1633 3126 1771 3180 ratio
1806 3125 1945 3179 sinat
1967 3164 1986 3187 ‚

358 3211 794 3268 describeretur:
839 3230 901 3266 ac
941 3210 1127 3266 saltem
1174 3204 1462 3261 nonnullae
1507 3213 1685 3278 partes
1732 3202 1881 3274 ejuS,
1923 3209 1984 3254 ut

360 3289 624 3363 reliquiae
644 3297 698 3342 et
720 3287 908 3361 pulcra
929 3283 1223 3360 specimina
1242 3281 1562 3339 eruditionis
1582 3277 1947 3334 Samaritanae
1967 3316 1985 3341 ,

362 3366 602 3439 integrae
641 3365 770 3421 olim
816 3364 905 3419 edi
943 3373 1235 3418 merentur.
1300 3359 1379 3413 ’1Ο
1414 3357 1569 3420 loco,
1611 3373 1641 3408 a
1682 3373 1736 3427 p.
1764 3355 1983 3415 1-31,

367 3459 426 3497 se
464 3443 619 3499 offert
649 3439 904 3516 libellus,
948 3439 1035 3495 cui
1077 3440 1191 3518 ipse
1226 3434 1435 3502 scriba,
1478 3432 1648 3507 ductu
1680 3429 1986 3486 litterarum
