2184 4074
1116 366 1221 418 246

639 547 668 589 ¹e
718 530 829 580 bibl.
879 529 1194 588 Willemsent'‚
1259 532 1389 594 cujus
1442 530 1541 580 vide
1583 532 1725 582 Gatai.
1786 550 1832 597 p.
1873 531 1994 592 165,

644 615 691 647 n.
734 598 880 648 1820.
930 625 998 636 -
1047 599 1369 647 Willemseuus
1409 598 1530 651 hunc
1565 599 1777 650 Codicem
1811 602 1931 651 -emit
1968 618 1997 650 e

641 667 751 716 bibl.
789 667 977 716 Adriani
1012 666 1210 716 Relandi
1238 666 1295 733 (v.
1324 669 1424 717 Cat.
1455 671 1563 718 MsS.
1589 669 1637 722 iu
1658 670 1736 728 4⁰,
1777 687 1825 718 n.
1848 671 1917 722 42
1941 671 1995 721 in

646 752 691 799 p.
713 736 800 799 8),
838 737 917 799 qui
953 736 1016 784 a0.
1042 734 1171 783 1696
1207 752 1309 782 eum
1348 741 1505 785 nactus
1536 743 1631 784 erat
1666 756 1689 787 c
1713 737 1823 793 bibl.
1843 737 1995 799 Golii,

641 805 689 852 in
723 805 854 867 cujus
874 804 974 853 Cat.
1006 808 1147 851 exstat
1180 803 1300 851 inter
1323 805 1452 853 Misc.
1484 805 1529 853 in
1553 802 1619 864 4⁰,
1645 822 1687 870 p.
1713 806 1800 867 19,
1828 824 1876 857 n.
1896 806 1996 870 54.)

453 953 628 1010 Codex
667 955 723 1010 in
766 954 862 1021 4⁰,
905 957 1011 1010 287
1058 957 1374 1032 paginarum
1401 999 1415 1023 ,
1446 957 1688 1039 charact.
1729 962 1997 1028 cadmi

375 1049 653 1122 perspicue
682 1047 903 1121 scriptus
936 1057 988 1102 et
1015 1047 1241 1122 ligatura
1272 1050 1491 1124 antiqua
1516 1050 1653 1106 bene
1673 1062 1996 1127 compactus.

374 1123 451 1178 Ut
488 1143 516 1178 e
557 1123 939 1197 subscriptione
981 1135 1223 1199 apparet,
1279 1125 1523 1180 librarius
1546 1167 1562 1192 ,
1607 1127 1700 1200 qui
1736 1147 1789 1181 se
1825 1129 1998 1202 ipsum

372 1209 526 1253 vocat
561 1205 719 1279 Oka-3
760 1223 850 1280 0-2»
891 1205 1063 1280 543⁸ss
1113 1214 1265 1267 κλμ,
1325 1202 1477 1256 initio
1515 1203 1707 1256 mensis
1749 1202 1907 1276 Qafar
1946 1223 1995 1256 a.

374 1290 470 1346 Ar.
500 1294 644 1345 1053
678 1310 802 1346 eum
832 1289 1068 1345 absolvit.
1139 1289 1389 1347 Continet
1427 1293 1773 1377 egl-adiqu
1813 1304 1999 1349 aucto-

373 1402 433 1437 re
473 1381 689 1437 Sorurio
733 1383 818 1455 (4-
842 1380 1014 1454 969),
1059 1383 1186 1457 qui,
1230 1385 1310 1438 uti
1345 1386 1399 1439 in
1441 1385 1547 1440 fine
1589 1383 1798 1440 Codicis
1834 1385 1999 1440 tradi-

373 1469 494 1524 tur,
545 1478 726 1513 mense
780 1456 940 1531 Qafar
992 1477 1039 1513 a.
1083 1457 1175 1513 Ar.
1211 1462 1320 1514 956
1361 1460 1464 1516 hoc
1516 1481 1645 1536 opus
1681 1462 1995 1536 composuit.

373 1533 499 1587 vid.
534 1534 600 1588 de
635 1554 697 1589 eo
730 1525 1002 1604 flagi-Cal.
1040 1534 1095 1588 II
1119 1575 1132 1599 ,
1174 1555 1230 1609 p.
1265 1538 1330 1591 21
1370 1557 1449 1612 sq.
1493 1548 1546 1592 et
1585 1537 1910 1594 Hammerus
1942 1538 1998 1590 in

372 1609 586 1666 Jahrb.
640 1611 696 1665 d.
734 1610 927 1664 Liter.
954 1650 968 1674 ,
1021 1610 1138 1663 Vol.
1171 1614 1239 1664 62
1268 1652 1281 1675 ,
1323 1613 1472 1668 Anz.
1508 1613 1604 1667 ΒΖ.
1648 1633 1704 1687 p.
1748 1615 1837 1671 12.
1919 1612 1998 1669 De

373 1683 508 1741 cod.
549 1685 872 1761 Lugd.-Bat.
908 1684 1098 1759 4510)
1141 1705 1187 1739 v.
1231 1685 1378 1761 Dozy
1427 1686 1556 1744 Cat.
1592 1689 1652 1756 I,
1693 1709 1745 1763 p-
1779 1691 1904 1747 119.

687 1871 756 1931 C.
847 1872 1239 1953 Epistolaris
1279 1876 1676 1956 argumenti.

990 2049 1061 2106 N.
1119 2048 1359 2107 CXCV.

568 2183 657 2244 (Ex
688 2181 860 2231 Wium.
898 2182 999 2233 cat.
1040 2201 1086 2233 n.
1114 2183 1203 2232 197
1223 2221 1235 2245 ,
1271 2203 1317 2250 p.
1338 2174 1419 2236 29.
1493 2187 1558 2234 Ab
1587 2185 1673 2234 hoc
1699 2189 1844 2235 emtus
1878 2190 1944 2234 est
1970 2203 1994 2234 e

635 2250 748 2300 bibl.
782 2250 1082 2311 Walravzmi,
1117 2252 1246 2316 cujus
1279 2254 1380 2302 vide
1422 2253 1518 2304 Cat.
1557 2273 1601 2319 p.
1631 2255 1725 2313 57,
1763 2272 1808 2304 n.
1847 2255 1891 2304 9.
1927 2280 1994 2290 —

634 2319 938 2368 Walravenus
973 2337 1077 2368 eum
1127 2321 1235 2369 emit
1287 2340 1310 2370 e
1345 2322 1451 2370 bibl.
1484 2323 1768 2373 Wissemseni
1805 2324 1865 2393 (v.
1893 2323 1993 2373 cat.

635 2407 680 2453 p.
706 2386 798 2436 165
820 2424 832 2445 ‚
869 2405 913 2436 n.
936 2386 1054 2451 731)
1078 2425 1090 2448 ,
1119 2390 1197 2454 qui
1233 2407 1334 2438 eum
1363 2391 1447 2439 sibi
1471 2398 1806 2455 comparaverat
1833 2409 1857 2440 e
1881 2390 1993 2440 bibl.

640 2455 874 2517 Relandz‘,
911 2473 950 2505 v.
987 2457 1086 2506 Cat.
1125 2457 1352 2507 librorum
1390 2462 1486 2524 ejus
1515 2460 1624 2508 Mss.
1658 2477 1701 2525 p.
1729 2460 1788 2522 2,
1822 2477 1870 2510 n.
1899 2457 1993 2522 18.)

446 2600 640 2674 Magna
681 2599 863 2655 charta
914 2600 1194 2654 convoluta
1220 2643 1234 2667 ,
1278 2601 1508 2657 charact.
1551 2604 1755 2686 &³⁸⁸³
1795 2604 1995 2679 perspi-

375 2711 473 2747 cue
508 2703 560 2746 et
599 2692 876 2748 emendate
916 2694 1107 2769 scripta
1133 2740 1147 2763 ‚
1191 2715 1326 2770 quae
1373 2707 1589 2771 pactum
1629 2696 1997 2752 commerciale

370 2768 583 2824 exhibet
647 2769 726 2822 a0.
777 2770 845 2823 H.
890 2773 1035 2826 1043
1082 2770 1182 2844 (=
1203 2791 1250 2826 a.
1292 2770 1417 2827 Chr.
1466 2771 1631 2843 1633)
1692 2772 1830 2828 inter
1877 2771 1999 2828 Sul—

373 2856 557 2901 ta'num
600 2845 870 2899 Moradem
906 2846 983 2900 IV
1023 2857 1075 2902 et
1111 2846 1334 2903 Ordines
1377 2849 1544 2923 Belgii
1582 2848 1861 2904 Foederati
1894 2849 1995 2902 ini-

372 2930 507 2977 tum.
589 2922 821 2997 Insignia
860 2923 1132 2997 privilegia
1187 2925 1504 2979 nostratibus
1543 2926 1599 2980 in
1652 2945 1713 2980 eo
1754 2943 1998 2982 concessa

374 3008 515 3052 sunt.
601 2997 799 3052 Consul
825 3008 1003 3052 noster
1023 3041 1035 3064 ,
1074 3000 1165 3073 qui
1199 3011 1327 3054 tune
1360 3000 1811 3076 Constantinopoli
1843 3010 1954 3055 erat
1979 3042 1993 3066 ‚

372 3084 425 3129 et
466 3075 619 3146 cujus
660 3075 714 3128 in
751 3073 853 3128 hoc
890 3085 1045 3149 pacto
1082 3076 1209 3129 item
1242 3078 1441 3131 mentio
1484 3078 1579 3142 fit,
1619 3076 1851 3132 Cornelis
1888 3076 1996 3131 Ha-

373 3169 439 3224 ga
473 3159 600 3204 erat.
636 3180 711 3190 -
751 3150 815 3203 In
850 3149 1018 3205 Catal.
1055 3150 1439 3207 Relandz'haec
1473 3153 1690 3227 epistola
1718 3171 1996 3228 perperam

371 3227 715 3279 authentica
754 3225 977 3293 dicitur3
1023 3246 1130 3280 non
1165 3239 1242 3283 est
1273 3228 1373 3282 nisi
1406 3231 1803 3305 apographon.
1886 3228 1996 3284 Au-

369 3300 667 3377 tographon
687 3302 859 3376 ipsum
884 3313 1119 3357 servatur
1132 3303 1312 3379 Hagae
1331 3302 1598 3359 Comitum
1619 3308 1674 3359 in
1696 3306 1962 3359 archivis
1978 3346 1993 3369 ,

368 3387 429 3431 ut
470 3378 655 3451 ajunt,
698 3379 898 3452 patriae
941 3389 1176 3446 nostrae,
1223 3380 1363 3455 quod
1401 3382 1632 3457 comperi
1666 3402 1725 3437 ex
1762 3381 1995 3438 versione
