2184 4074
1018 378 1086 432 15

275 526 378 583 -·.1'n
417 527 810 598 alterdparte
861 520 1019 596 hujus
1066 520 1351 574 voluminis
1402 540 1595 574 novem
1644 515 1851 575 exstant

239 601 494 676 epistolae
525 611 616 654 aut
649 598 992 672 epistolarum
1030 597 1344 670 fragmenta.
1414 598 1492 652 10.
1525 595 1710 650 Versio
1746 596 1848 669 Sy.-

238 675 381 732 riaca
415 676 580 750 partis
613 674 896 748 epistolae,
943 691 1100 746 quam
1138 669 1201 724 ad
1234 669 1363 725 Joh.
1400 671 1468 726 H.
1505 670 1562 726 S.
1597 690 1848 744 responso

235 753 452 807 miserat
476 793 488 815 ,
524 769 703 803 mense
739 749 1031 803 Novembri
1072 766 1119 801 a.
1151 748 1329 809 1730,
1367 747 1705 800 Gubernator
1742 747 1850 801 Ge-

235 825 428 881 neralis
463 828 779 881 Batavorum
817 825 872 878 in
906 823 1058 879 India
1081 863 1095 888 ,
1146 821 1428 876 Didericus
1462 841 1557 876 van
1595 822 1843 877 Durven:

238 921 399 976 quam
433 911 641 976 partem
674 900 794 954 ideo
825 899 916 954 ille
945 919 1006 953 ex
1041 895 1305 953 Hollando
1338 897 1393 950 in
1425 894 1701 970 Syriacum
1738 915 1847 949 ser-

237 996 450 1031 monem
484 975 578 1029 hic
614 975 934 1028 convertisse
966 973 1178 1028 videtur
1199 1014 1212 1037 ,
1262 981 1321 1026 ut
1370 990 1482 1025 eam
1535 971 1851 1045 adjungeret

235 1051 428 1105 litteris
451 1090 469 1116 ,
508 1069 538 1103 a
575 1068 629 1103 se
666 1049 732 1102 ad
770 1048 1095 1122 Episcopum
1130 1047 1586 1101 Maha-Thomarn
1631 1049 1850 1100 mitten-

238 1126 319 1180 dis
344 1168 359 1191 ‚
401 1145 500 1199 pro
552 1135 700 1179 certo
750 1124 1072 1177 documento
1110 1121 1354 1176 benevoli
1402 1122 1546 1175 illius
1585 1122 1848 1176 Praefecti

237 1221 359 1274 erga
413 1199 742 1256 Christianos
793 1199 1142 1270 Malabaricos
1188 1197 1416 1263 animi3-
1453 1201 1482 1249 4
1527 1216 1683 1271 pagg.
1763 1200 1848 1259 20.

240 1276 480 1350 Epistola
530 1274 793 1329 Hollanda
839 1272 1102 1328 Johannis
1138 1274 1208 1327 H.
1248 1272 1305 1327 S.
1358 1272 1420 1324 ad
1461 1275 1685 1325 eundern
1737 1273 1849 1326 Gu-

236 1351 574 1423 bernatorem
614 1349 963 1414 Generalem,
1007 1350 1205 1422 scripta
1242 1347 1438 1400 Leidae
1471 1347 1525 1403 d.
1569 1350 1639 1400 28
1683 1346 1851 1401 Octo·

237 1426 347 1483 bris
392 1445 442 1481 a.
481 1427 658 1488 17313
715 1429 747 1478 3
786 1443 938 1496 pagg.
1047 1426 1128 1478 30.
1166 1423 1489 1495 Excerptum
1518 1463 1532 1487 ,
1585 1422 1849 1476 Hollande

235 1519 443 1554 versum
466 1542 478 1564 ,
515 1519 576 1552 ex
603 1497 826 1573 epistola
861 1495 1079 1571 Syriaca
1103 1498 1356 1570 Episcopi
1379 1496 1810 1569 Maha-Thomae
1830 1539 1845 1563 ,

238 1577 438 1649 scripta
468 1575 532 1628 ad
558 1573 810 1630 Carolum
837 1573 894 1628 S.
930 1573 1018 1627 die
1052 1576 1122 1626 20
1151 1574 1372 1628 Januar.
1401 1592 1450 1627 a.
1490 1576 1664 1628 1715:
1705 1572 1849 1646 quod

237 1650 628 1704 annectendum
660 1660 774 1704 erat
804 1649 1170 1721 superioribus
1202 1647 1432 1714 litteris3
1470 1652 1502 1700 3
1535 1666 1691 1721 pagg.
1766 1642 1848 1702 4⁴.

237 1725 484 1799 Epistola
517 1724 782 1780 Hollanda
823 1723 1086 1779 Johannis
1121 1724 1189 1778 H.
1228 1722 1286 1777 S.
1322 1723 1386 1776 ad
1423 1723 1848 1777 Gubernatorem

237 1801 550 1856 Generalem
580 1800 893 1855 Didericum
928 1819 1027 1853 van
1069 1798 1243 1852 Kloon
1281 1799 1658 1868 (successorem
1699 1798 1849 1851 Dur-

239 1876 429 1946 veni),
472 1875 668 1948 scripta
701 1874 897 1928 Leidae
930 1874 984 1929 d.
1025 1876 1090 1927 12
1124 1874 1305 1928 Martii
1335 1893 1383 1928 a.
1421 1876 1600 1939 17323
1640 1877 1845 1946 5pagg.

242 1953 324 2007 50.
375 1950 555 2022 Longa
600 1949 824 2023 epistola
878 1949 1113 2022 ejusdem
1169 1947 1233 2002 ad
1278 1948 1618 2022 ¹Episcopum
1658 1948 1849 2002 Maha-

241 2025 532 2090 Thomam,
586 2026 785 2098 scripta
832 2025 1030 2079 Leidae
1077 2024 1130 2079 d.
1175 2026 1242 2077 15
1278 2023 1431 2097 Sept.
1471 2024 1712 2096 (ipsiUS‚
1767 2023 1848 2077 uti

237 2100 481 2164 addidit,
504 2100 592 2154 die
621 2100 808 2170 natali)
843 2122 891 2155 a.
918 2102 1052 2154 1731
1076 2122 1090 2155 ε
1118 2119 1253 2172 quae
1283 2099 1508 2173 epistola
1547 2099 1638 2152 hic
1667 2118 1849 2152 rursus

235 2177 341 2243 ita,
379 2185 439 2229 ut
470 2194 627 2248 supra
664 2196 720 2248 p.
750 2179 815 2227 13
859 2195 931 2232 vs,
953 2179 1023 2228 26
1044 2194 1194 2248 seqq.
1227 2175 1371 2241 dixi,
1392 2173 1656 2229 Hollande
1689 2173 1850 2227 simul

235 2247 286 2304 et
325 2251 544 2324 Syriace
571 2259 650 2302 est
689 2249 885 2303 tradita
903 2269 921 2314 ·;
969 2253 1038 2303 62
1071 2269 1229 2323 pagg.
1310 2253 1393 2305 60.
1430 2250 1671 2321 Epistola
1707 2250 1848 2321 ejus-

234 2325 356 2379 dem
390 2325 454 2378 ad
487 2325 714 2384 eundem
736 2367 750 2389 ,
774 2326 972 2399 scripta
1005 2324 1058 2380 d.
1089 2328 1153 2377 12
1175 2324 1434 2393 Martii-a.
1460 2327 1602 2377 1732
1624 2366 1637 2388 ,
1658 2324 1846 2377 itidem

235 2400 383 2457 Holl.
426 2410 478 2453 et
527 2399 689 2472 Syr.;
739 2404 770 2453 4
801 2419 956 2474 pagg.
1057 2399 1137 2454 70.
1192 2400 1452 2474 Epistola)
1487 2400 1724 2471 ejusdem
1781 2399 1846 2458 ad

235 2475 502 2540 eundem,
550 2475 749 2550 scripta
801 2475 856 2530 d.
913 2479 978 2528 15
1017 2474 1168 2547 Sept.
1221 2494 1270 2530 a.
1313 2477 1456 2528 1733
1510 2474 1628 2544 (die
1679 2475 1864 2548 ipsius>

234 2552 399 2605 natali
455 2550 617 2616 320),
678 2551 867 2604 itidem
920 2550 1066 2605 Holl.
1107 2560 1160 2602 et
1196 2549 1357 2622 Syr.;
1421 2552 1488 2602 10
1526 2570 1681 2624 pagg.
1764 2553 1847 2607 80.

233 2626 473 2699 Epistola
511 2625 773 2679 Hollanda
819 2626 1052 2698 ejusdem
1092 2626 1157 2678 ad
1200 2626 1627 2681 Gubernatorem
1665 2627 1849 2680 Gene-

236 2701 401 2755 ralem
444 2701 757 2754 Didericum
809 2721 908 2755 van
950 2702 1122 2756 Kloon
1147 2742 1160 2766 ,
1203 2702 1401 2774 scripta
1448 2701 1645 2754 Leidae
1681 2700 1735 2756 d.
1775 2705 1846 2755 30

235 2777 387 2850 Sept.
439 2795 487 2831 a.
539 2780 712 2844 17333
777 2780 838 2830 11
892 2795 1046 2850 pagg.
1155 2779 1236 2830 90.
1288 2776 1528 2853 Epistola
1582 2776 1848 2830 Hollanda

234 2852 471 2924 ejusdem
518 2851 583 2904 ad
634 2851 849 2905 viduam
896 2851 1055 2924 hujus
1103 2850 1402 2916 Praefecti,
1456 2853 1558 2924 qua
1612 2871 1727 2906 eam
1781 2850 1847 2906 de

234 2927 415 2979 mariti
450 2935 622 2978 morte
671 2928 1008 2991 consolatur,
1047 2937 1100 2979 et
1134 2926 1292 2980 simul
1321 2927 1386 2980 de
1423 2926 1697 3000 epistoliS,
1737 2937 1846 2982 tam

233 3022 263 3055 a
282 3021 334 3055 se
358 3004 412 3055 in
435 3001 779 3056 Malabariam
812 3003 947 3057 datis
980 3021 1140 3076 quam
1172 3002 1237 3056 ad
1271 3022 1324 3057 se
1356 3003 1574 3057 fortasse
1594 3021 1846 3077 responso

226 3152 364 3159 -—-.--.

228 3253 330 3303 tur-⁴,
362 3245 600 3305 huicfilz'o
627 3262 720 3293 meo
754 3261 911 3293 secure
942 3245 1169 3306 confidere
1184 3252 1343 3307 potes,
1384 3261 1437 3291 ac
1462 3260 1560 3307 pro
1600 3250 1722 3290 certo
1762 3241 1847 3288 Ιια-

226 3311 356 3370 bere,
386 3329 482 3359 eum
513 3330 662 3360 omnes
708 3331 781 3362 res
808 3321 911 3359 tuas
951 3314 1095 3360 eodem
1147 3311 1224 3358 illo
1263 3328 1412 3361 amore
1446 3313 1623 3375 integro
1654 3317 1848 3358 curatu-

227 3396 354 3442 rum,
393 3397 480 3446 qao
509 3398 583 3446 eyo
619 3382 714 3446 ipse
753 3399 828 3430 eas
860 3397 1043 3443 curem,
1075 3384 1192 3429 caet.
