2184 4074
1004 387 1105 439 159

256 554 528 628 perspicue
580 551 801 625 scriptus
854 562 905 605 et
957 552 1181 625 ligatura
1241 551 1481 605 orientali
1532 552 1666 606 benc
1726 570 1870 606 com-

255 640 458 702 pactus,
541 627 790 702 Singulae
830 628 1052 700 paginae
1089 626 1240 681 lineis
1275 626 1461 681 diversi
1515 628 1699 681 coloris
1748 639 1870 680 sunt

255 703 503 758 inclusae.
605 703 682 758 De
731 712 900 756 aetate
950 713 1002 757 et
1042 701 1255 756 librario
1296 701 1430 756 nihil
1477 712 1696 756 constat.
1780 703 1870 757 Est

258 782 561 852 septimum
606 780 820 850 Qoranz'
854 777 1136 852 exemplar.

869 928 938 984 N.
985 926 1251 983 CXXII.

457 1074 542 1139 (Ex
579 1073 751 1122 Willm.
792 1074 890 1121 Cat.
926 1088 971 1122 n.
1016 1071 1100 1133 17,
1137 1089 1177 1136 p.
1213 1072 1261 1122 6.
1349 1072 1418 1120 Ab
1447 1072 1531 1121 hec
1569 1079 1714 1122 emtus
1751 1077 1816 1121 est
1852 1089 1876 1122 e

516 1141 624 1189 bibl.
647 1141 841 1189 Bruinz'i
860 1143 926 1201 (n.
948 1138 1063 1203 83),
1101 1140 1179 1205 qui
1217 1155 1320 1189 eum
1347 1146 1681 1204 comparaverat
1710 1158 1733 1189 e
1763 1141 1874 1190 bibl.

526 1208 810 1257 Willemsenz’
825 1243 838 1268 ,
875 1208 1004 1271 cujus
1038 1207 1138 1256 vide
1176 1208 1315 1257 Catal.
1349 1225 1395 1272 p.
1423 1207 1535 1265 167,
1570 1225 1617 1258 n.
1645 1206 1878 1257 1771.—

524 1275 870 1325 Willemsenius
896 1291 1000 1323 eum
1024 1276 1180 1325 emisse
1210 1275 1386 1324 videtur
1402 1292 1425 1323 e
1448 1276 1552 1324 bibl.
1571 1275 1723 1324 Lettei
1738 1312 1750 1336 ,
1772 1292 1876 1323 nam

518 1344 658 1407 hujus
682 1360 843 1392 manus
862 1348 925 1390 est
941 1378 951 1398 ‚
973 1359 1087 1407 quae
1107 1343 1154 1390 in
1175 1342 1353 1392 Codicis
1378 1343 1506 1391 initio
1524 1344 1715 1391 notavit:
1742 1343 1878 1391 »Hoc

525 1411 593 1460 M
595 1411 815 1459 SS.mik2·
833 1411 948 1458 dono
974 1411 1100 1458 dedit
1118 1409 1327 1463 Docti-ss,
1347 1410 1414 1461 D.
1433 1411 1675 1460 IIaclrman
1690 1447 1702 1472 ‚
1711 1418 1880 1477 pastor

529 1477 829 1527 Wassenar.”
861 1477 964 1544 (l).)

335 1589 510 1646 Codex
539 1593 594 1645 in
623 1595 687 1645 8Φ
707 1592 867 1655 min.,
912 1593 1018 1644 575
1041 1591 1353 1664 paginarum
1372 1633 1386 1657 ‚
1416 1591 1647 1645 charact.
1671 1589 1877 1674 &5⁸⁸3

258 1683 466 1736 minuto
507 1702 613 1737 non
656 1682 871 1757 quidem
910 1682 1178 1755 eleganter
1203 1723 1216 1747 ‚
1257 1681 1346 1737 sed
1385 1693 1563 1737 tamen
1602 1684 1877 1756 perspicue

259 1759 500 1831 scriptus·
559 1758 726 1813 -Bene
761 1768 1064 1832 compactus
1104 1767 1182 1811 est
1221 1757 1446 1831 ligatura
1479 1757 1741 1812 orientali.
1805 1756 1880 1811 Ut

258 1851 288 1886 e
328 1833 709 1907 subscriptione
744 1843 889 1907 patet
913 1874 927 1898 ,
970 1832 1212 1886 librarius
1251 1857 1323 1914 U?
1369 1832 1584 1915 &khan
1628 1831 1877 1913 6⁵?ssOE

254 1946 449 2006 W>
490 1944 668 1980 mense
718 1923 1051 1986 Moharramo
1103 1925 1227 1977 anni
1272 1926 1417 1978 1060
1468 1943 1590 1979 eum
1632 1923 1876 1979 absolvit.

260 2015 353 2070 Est
393 2023 651 2069 octavum
689 2017 900 2092 Qora'nz‘
931 2015 1215 2091 exemplar.

335 2089 467 2145 Octo
507 2090 639 2146 haec
675 2092 1018 2166 exemplaria,
1056 2110 1281 2165 quorum
1315 2091 1524 2146 nullum
1565 2092 1877 2165 antiquitate

258 2166 483 2231 eminet,
544 2167 780 2233 vocaleS,
840 2178 899 2221 ut
951 2167 1107 2240 vulgo
1133 2209 1148 2232 ‚
1210 2166 1408 2220 additas
1457 2167 1672 2221 habent.
1769 2166 1878 2219 Hac

258 2260 378 2295 vero
431 2241 791 2298 desiderantur
849 2242 916 2296 ob
969 2242 1195 2316 spatium
1252 2261 1462 2315 prorsus
1514 2241 1762 2298 deficiens
1822 2241 1877 2294 in

258 2336 367 2389 seq.

857 2437 923 2492 N.
977 2435 1283 2492 CXXIII.

462 2555 548 2622 (Ex
581 2555 754 2605 Willm.
795 2555 895 2606 Cat.
933 2573 978 2606 n.
1017 2557 1108 2619 18,
1156 2576 1202 2623 p.
1239 2559 1285 2607 6.
1375 2556 1631 2617 Incertum,
1673 2555 1790 2605 unde
1823 2555 1877 2604 ad

526 2624 648 2673 hunc
682 2624 892 2686 venerit.)

339 2762 512 2816 Codex
553 2763 750 2816 formae
787 2773 1104 2836 octogonae,
1160 2767 1266 2817 385
1320 2766 1659 2838 paginarum,
1702 2763 1877 2836 spissi-

266 2837 500 2892 tudinem
539 2837 738 2891 habens
771 2839 925 2891 unius
964 2847 1171 2892 tantum
1208 2839 1413 2912 pollicis
1452 2850 1504 2892 et
1543 2837 1876 2892 latitudinem

267 2911 364 2983 1³l4
403 2911 622 2986 pollicis.
713 2913 900 2967 Tectus
939 2923 1015 2967 est
1059 2913 1330 2968 involucro
1374 2914 1537 2968 serico
1580 2932 1700 2967 cum
1748 2931 1874 2965 auro

263 2987 540 3041 intertexto
580 2998 633 3042 et
673 2999 905 3043 servatur
955 2989 1009 3043 in
1048 2989 1267 3063 'capsula
1327 2989 1582 3051 rotunda,
1642 3008 1702 3042 ex
1757 3007 1874 3042 aere

264 3063 519 3118 confecta.
600 3061 836 3137 Scriptus
868 3075 945 3118 est
985 3063 1214 3119 charact.
1252 3068 1455 3148 2532&
1494 3064 1870 3128 minutissimO,

331 3270 398 3335 (l)
438 3271 699 3321 Dithmarus
736 3275 967 3324 Hackman
1004 3277 1080 3337 Η-
1123 3275 1269 3337 1778)
1316 3276 1441 3324 verbi
1489 3276 1629 3323 divini
1669 3274 1874 3323 Minister

263 3337 349 3385 suit
384 3340 428 3386 in
458 3356 569 3404 pago
597 3340 860 3391 Wassenaar
879 3345 935 3391 ab
971 3361 1012 3392 a.
1046 3343 1168 3391 1736
1191 3361 1330 3409 usque
1358 3343 1412 3391 ad
1449 3344 1606 3402 1770,
1644 3359 1734 3407 quo
1761 3342 1873 3391 rude

263 3404 452 3455 donatus
486 3407 587 3458 suit.
661 3409 762 3460 vid.
800 3410 1036 3460 Boekzaal
1067 3413 1173 3462 anni
1213 3413 1365 3471 1778,
1402 3429 1442 3476 p.
1480 3411 1566 3459 175
1601 3427 1668 3476 sq.
