2184 4074
1016 442 1026 451 '
1082 437 1175 474 XIV

258 660 266 674 ·
314 604 374 639 ex
415 584 516 638 hoc
559 583 702 655 Cat.)
730 626 744 649 ,
789 586 899 653 259
948 584 1077 658 (sive
1120 584 1347 658 CLIII),
1402 591 1509 643 260
1565 591 1693 665 (sive
1734 593 1845 668 XI).
1876 606 1936 650 -et

315 680 418 731 261
461 677 618 751 (sive
680 676 991 748 CXXVII).
1090 678 1240 732 Unus
1303 699 1495 753 porr0,
1555 686 1752 742 n.'262
1797 687 1935 759 (sive

301 769 536 844 CXXI),
585 770 902 843 jamdudum
960 771 1015 822 in
1038 769 1384 850 §bibliotheca
1424 773 1659 832 Instituti
1724 780 1934 850 exstite-

310 874 410 917 rat.
456 860 623 916 CDuo
683 862 872 935 reliqui
919 881 971 914 11.
1016 864 1121 915 265
1184 863 1338 935 (sive-
1368 862 1659 941 CCLVIII)
1703 882 1769 925 et
1822 874 1931 926 264

307 956 438 1029 (sive
480 941 713 1027 CCLIX)
757 954 981 1028 catalogi
1000 966 1158 1009 erant
1196 956 1447 1011 Codicum
1487 959 1754 1017 Willmeti
1778 988 1811 1028 ‚·
1834 963 1969 1017 hu„
2045 928 2050 935 ·

299 1050 391 1121 'jus
429 1067 594 1102 manu
645 1047 861 1121 scripti,
919 1048 1011 1120 qui
1048 1067 1192 1103 nunc
1240 1050 1363 1123 ipsis
1415 1051 1691 1108 (lodicibus
1742 1054 1931 1128 adjun-

304 1140 581 1215 gebantur.

382 1235 497 1290 Hoc
535 1237 715 1309 itaque
750 1234 908 1288 modo
948 1237 1027 1289 a0.
1052 1238 1207 1289 >1837
1264 1248 1565 1311 comparata
1603 1251 1715 1294 erat
1753 1252 1929 1296 nostra

306 1327 547 1383 collectio
572 1369 586 1393 ,
640 1346 805 1401 quum
857 1327 935 1380 vir
991 1325 1126 1380 Clar.
1167 1327 1235 1382 H.
1279 1329 1341 1383 E.
1382 1330 1696 1405 Weijersius
1746 1353 1929 1390 curam

300 1422 422 1476 novi
460 1421 694 1494 Catalogi
732 1422 847 1493 ejus
893 1419 1256 1476 conscribendi
1309 1410 1642 1498 suscipiebat.
1721 1426 1928 1490 Catala-

299 1534 394 1588 gus
445 1515 587 1568 enim
613 1556 627 1579 ,
681 1531 818 1566 anno
858 1515 1000 1567 1837
1042 1533 1072 1567 e
1110 1516 1467 1590 manuscripto
1530 1518 1817 1573 Willmeti..
1843 1520 1923 1591 (n.

305 1607 539 1680 CCLIX)
602 1607 771 1662 editus
793 1650 809 1670 ,
871 1606 1204 1661 brevissimus
1268 1617 1320 1661 et
1377 1609 1527 1664 valde
1585 1611 1924 1685 imperfectus

300 1712 412 1755 erat
433 1743 447 1766 ‚
504 1712 556 1755 et
595 1711 779 1775 sponte
831 1699 1148 1754 desiderium
1191 1701 1451 1756 excitabat
1484 1702 1615 1756 alius
1649 1703 1884 1777 Gatalogi
1907 1745 1922 1769 ,

298 1796 353 1850 in
415 1813 519 1867 quo
572 1793 786 1847 Codices
836 1792 993 1846 modo
1047 1792 1300 1866 ampliore
1352 1803 1404 1847 et
1453 1796 1618 1868 magis
1676 1806 1959 1853 accuratim

296 1886 744 1942 describebantur.
823 1886 1136 1958 WVeijersius
1186 1886 1288 1940 hoc
1334 1906 1464 1961 opus
1514 1889 1750 1963 incepit,
1792 1888 1880 1944 sed
1903 1931 1919 1953 ,

291 1981 454 2034 invita
493 1981 684 2053 magna
724 1981 837 2052 ejus
879 1979 1151 2053 diligentia
1176 2021 1191 2045 ,
1245 1980 1301 2033 in
1341 1999 1402 2034 eo
1455 1979 1774 2036 absolvendo
1812 2001 1920 2036 non

290 2074 393 2126 cito
434 2074 703 2147 pergebat.
785 2073 1179 2147 Impediebatur
1217 2073 1319 2126 loci
1378 2072 1623 2127 distantia
1648 2115 1663 2139 ,
1721 2075 1941 2147 gravis-·

289 2167 430 2219 simis
469 2167 700 2220 muneris
746 2168 967 2240 negotiis
992 2208 1006 2231 ‚
1050 2166 1138 2220 sed
1188 2168 1494 2240 praesertim
1519 2208 1534 2231 ,
1578 2177 1637 2220 ut
1688 2168 1799 2241 ipse
1843 2167 1916 2220 fa-

288 2269 430 2312 tetur
484 2257 578 2330 (a)
606 2300 621 2323 ,
684 2258 863 2311 multis
922 2268 974 2312 et
1031 2259 1235 2331 magnis
1293 2257 1731 2323 difficultatibus,
1789 2278 1916 2332 quas

289 2353 400 2423 ipsa
446 2350 697 2404 Codicum
738 2350 1017 2424 descriptio
1065 2351 1114 2404 ei
1162 2349 1391 2403 creabat.
1473 2351 1876 2405 Accuratissime
1899 2391 1915 2416 ‚

286 2454 345 2495 ut
385 2443 618 2508 solebat,
661 2463 778 2499 remv
821 2463 968 2496 suam
1011 2461 1168 2516 agens
1193 2483 1208 2507 ,
1250 2460 1424 2514 neque
1473 2461 1586 2505 reS,
1629 2461 1764 2515 quae
1799 2443 1912 2497 aliis

283 2536 499 2588 minoris
551 2537 807 2589 momenti
845 2535 1090 2590 videntur
1114 2578 1127 2601 ‚
1181 2535 1450 2608 negligens
1473 2577 1488 2598 ,
1550 2535 1770 2589 sollicite
1809 2528 1948 2589 sin-'

285 2629 407 2700 gula
460 2629 856 2703 pervestiganda
905 2649 1014 2683 esse
1060 2629 1386 2683 existimavit.
1466 2627 1526 2681 In
1579 2628 1685 2681 fata
1726 2627 1909 2682 unius-

284 2725 543 2797 cujusque
605 2722 843 2788 Codicis,
906 2722 1078 2796 quoad
1133 2723 1247 2794 ejus
1299 2721 1414 2774 fieri
1459 2730 1670 2793 posset,
1729 2721 1909 2796 inqui-

287 2837 400 2871 rere
427 2859 440 2882 ,
502 2817 826 2891 singulorum
871 2815 1289 2891 apographorum
1317 2846 1347 2879 ,·
1386 2831 1524 2886 quae
1565 2832 1757 2886 magno
1810 2833 1908 2868 nu·

285 2930 431 2963 mero
492 2912 543 2963 in
599 2911 908 2964 collectione
960 2910 1136 2963 nostra
1188 2916 1428 2970 exstant,
1488 2906 1541 2958 et
1589 2924 1806 2959 manum
1854 2908 1908 2960 et

285 3003 482 3056 fontem
526 3002 757 3057 indicare
807 3004 903 3056 sibi
952 2997 1238 3077 proposuit.
1321 2998 1464 3072 Opus
1514 3017 1636 3051 sane
1682 2998 1904 3053 laborio-

355 3186 430 3251 ’(α)
464 3189 576 3237 Vid.
615 3206 734 3252 quae
761 3190 848 3236 hac
883 3191 941 3237 (le
970 3206 1020 3238 re
1054 3190 1236 3238 monuit
1269 3189 1319 3236 in
1349 3186 1676 3236 dissertatione
1698 3219 1712 3243 ‚
1742 3200 1902 3233 mense

289 3261 419 3322 Sept.
459 3258 570 3305 anni
604 3261 732 3305 1841
766 3258 986 3307 membris
1014 3258 1180 3306 tertiae
1217 3257 1374 3304 classis
1403 3253 1903 3318 Institutipraclectfi,

288 3342 327 3374 c.
366 3331 403 3375 t.
447 3327 567 3373 Over
604 3328 682 3372 hec
713 3327 1060 3386 kataloqiaeren
1090 3343 1179 3374 van
1215 3326 1491 3373 Oosterselee
1520 3322 1901 3382 Il'andselcrz'scen

288 3399 374 3442 cet.
446 3393 587 3441 Edita
613 3399 681 3440 est
714 3411 756 3442 a.
792 3398 921 3441 1844
952 3396 999 3442 in
1029 3411 1164 3459 opere
1196 3397 1295 3442 Jset
1325 3393 1580 3449 Instituut,
1617 3408 1660 3454 p.
1683 3393 1898 3437 (ΞΟ-84.
