2184 4074
1027 385 1062 435 3

247 536 383 600 ΠΒἿ
421 536 755 610 appellatur,
798 537 1042 608 imposita
1081 546 1178 590 est.
1259 535 1473 608 Septem
1509 536 1682 608 prima
1722 535 1852 589 solia

247 635 343 690 per
377 623 691 669 vetustatem
728 611 852 665 trita
893 622 945 665 et
984 614 1138 666 scissa
1173 628 1234 682 ac
1274 612 1490 683 reliquis
1529 611 1852 683 squalidiora

247 702 402 744 sunt:
447 690 544 743 alia
581 689 737 741 etiam
777 686 916 741 haud
967 705 1133 760 pauca
1174 686 1394 743 maculis
1430 688 1703 758 inquinata
1728 727 1741 748 ,
1801 696 1855 740 et

247 768 303 820 in
339 766 452 821 aliis
488 762 753 817 nonnullis
802 764 1062 834 scriptura
1107 781 1202 836 per
1238 761 1493 834 temporis
1544 761 1855 833 longinqui-

247 851 409 898 tatem
451 841 524 892 ita
561 839 836 893 obscurata
869 850 920 893 et
954 839 1150 911 pallida
1191 837 1360 898 facta,
1405 847 1461 890 ut
1496 855 1600 891 non
1635 837 1745 890 sine
1780 836 1856 888 la·

247 917 378 972 bore
406 916 515 988 jam
567 914 668 985 legi
716 915 939 986 possint.
1019 914 1191 984 Major
1241 923 1416 966 tamen
1474 911 1686 967 Codicis
1738 930 1857 983 pars

248 1011 347 1065 pro
382 991 527 1047 tanta
562 999 763 1051 aetate,
808 998 1060 1060 quantam
1094 988 1291 1042 habere
1322 987 1529 1043 videtur
1561 989 1688 1060 (qua
1714 986 1779 1040 de
1799 1004 1856 1040 re

249 1067 387 1121 infra
431 1062 661 1135 dicam),
721 1066 922 1136 optime
964 1075 1268 1117 conservata
1316 1073 1370 1117 et
1422 1063 1562 1116 lectu
1602 1062 1857 1117 facillima

249 1152 348 1199 est.
429 1141 715 1194 Recentior
754 1157 938 1194 manus
987 1139 1285 1193 Rabbinica
1323 1141 1529 1208 (verum
1572 1138 1684 1209 ipsa
1723 1155 1855 1210 quo-

251 1237 355 1291 que
388 1215 538 1271 valde
572 1214 839 1281 vetusta),
874 1225 933 1267 ut
965 1215 1158 1287 passim
1198 1216 1250 1267 in
1278 1213 1586 1286 paginarum
1622 1213 1858 1283 margine

250 1292 505 1350 nonnulla
545 1291 848 1354 annotavit,
892 1291 965 1344 ita
1006 1291 1059 1342 in
1095 1290 1270 1358 primo
1307 1289 1438 1345 folio
1473 1297 1620 1340 recto
1662 1306 1859 1342 novum

245 1367 520 1440 praemisit
551 1365 809 1429 indicem,
845 1376 897 1417 et
927 1365 1133 1438 reliqua
1164 1365 1323 1419 etiam
1360 1363 1484 1416 folia
1516 1381 1652 1436 quae
1685 1362 1858 1419 libra·

247 1443 359 1498 rius
409 1442 520 1514 ipse
570 1458 732 1494 vacua
786 1439 1104 1513 reliquerat,
1162 1439 1426 1512 implevit.
1524 1438 1744 1492 Constat
1801 1456 1862 1492 ex

251 1516 457 1572 duabus
491 1516 777 1589 ‚partibuS,
841 1534 1064 1591 quarum
1121 1515 1269 1587 prior
1318 1533 1424 1570 non
1482 1514 1586 1566 nisi
1641 1531 1806 1584 precu

1811 1532 1862 1567 m

250 1608 505 1673 formulas
525 1649 539 1672 ,
576 1618 628 1661 et
655 1626 716 1659 ex
737 1626 798 1659 eo
821 1606 1039 1679 quidem
1063 1624 1252 1679 genere
1274 1604 1415 1678 quod
1438 1604 1592 1677 vulgo
1622 1563 1860 1667 ΠἹΠί70

248 1682 550 1757 appellatur
575 1724 587 1746 ,
625 1683 886 1755 posterior
918 1700 1041 1735 vero
1081 1693 1290 1754 praeter
1324 1679 1418 1734 has
1456 1682 1614 1737 etiam
1647 1681 1821 1768 HU’P
1846 1725 1860 1748 ‚

249 1761 358 1812 sive
380 1760 637 1832 elegias,
670 1759 927 1812 continet.
969 1758 1157 1811 Preces
1192 1776 1316 1810 vero
1338 1756 1461 1811 illae
1483 1759 1707 1813 maxima
1740 1760 1865 1832 qui-

248 1834 370 1887 dem
409 1853 469 1887 ex
506 1844 658 1906 parte
693 1851 815 1886 cum
851 1834 915 1885 iis
953 1833 1314 1895 conveniunt,
1358 1850 1492 1902 quae
1528 1831 1686 1887 hodie
1719 1833 1864 1907 apud

248 1909 483 1964 Judaeos
512 1910 606 1982 qui
648 1909 811 1962 ritum
862 1908 1263 1964 Germanicum
1298 1906 1522 1979 (UDWN
1550 1912 1728 1977 :ts-tm)
1782 1929 1863 1968 se,

252 1996 525 2058 quantur,
585 1985 810 2037 usitatae
867 1995 1022 2047 sunt,
1084 1983 1174 2039 sed
1227 1994 1287 2036 ut
1342 1987 1640 2057 permultae
1690 1998 1865 2041 tamen

252 2061 391 2115 inter
445 2060 561 2114 illas
607 2070 842 2124 exstant,
906 2077 1047 2113 nunc
1092 2077 1214 2113 cum
1260 2059 1373 2113 solo
1427 2063 1538 2116 ritu
1593 2062 1869 2118 Polom'co

252 2114 432 2235 (ἴίἳῚΕ
474 2150 649 2220 amn)
692 2152 1038 2222 conjunctae,
1098 2152 1170 2204 ita
1223 2152 1511 2206 nonnullae
1557 2155 1717 2207 etiam
1769 2153 1865 2206 ab·

253 2242 409 2290 sunt,
451 2247 586 2301 quae
633 2248 693 2282 ex
740 2226 907 2278 altero
947 2226 1040 2278 illo
1084 2227 1468 2298 requiruntur;
1532 2240 1693 2302 atque
1743 2230 1864 2282 uni-

253 2322 520 2359 versarum
564 2320 779 2377 quoque
815 2300 957 2352 ordo
996 2302 1037 2353 is
1084 2312 1197 2361 est,
1252 2311 1312 2354 ut
1351 2321 1524 2375 neque
1572 2304 1635 2356 ad
1677 2304 1860 2366 hunc,

252 2397 428 2453 neque
455 2378 520 2432 ad
559 2379 711 2432 illum
746 2377 938 2438 ritum,
981 2376 1060 2428 uti
1096 2394 1237 2430 nunc
1270 2381 1554 2449 separatim
1587 2381 1865 2433 constituti

253 2465 409 2518 sunt,
452 2467 694 2508 accurate
742 2452 809 2504 sit
846 2452 1196 2525 compositus:
1247 2453 1407 2506 etiam
1442 2454 1541 2507 hac
1589 2465 1762 2508 tamen
1805 2474 1866 2509 ex

250 2540 405 2604 parte
440 2530 505 2582 ad
542 2527 915 2585 Germanicum
947 2527 1197 2601 proprius
1243 2546 1404 2601 quam
1442 2529 1507 2585 ad
1553 2530 1866 2586 Polonicum

253 2606 416 2658 ritum
447 2605 728 2660 accedunt.

330 2679 546 2735 Priori
580 2690 758 2755 parte,
800 2696 938 2752 quae
976 2678 1135 2750 longe
1175 2680 1344 2751 major
1384 2691 1464 2734 est
1504 2690 1556 2734 et
1593 2681 1721 2734 folia
1756 2685 1863 2735 217

254 2756 628 2830 complectitur
662 2757 823 2829 (quae
856 2755 1078 2828 antiqua,
1110 2773 1295 2807 manus
1325 2756 1532 2810 ,Iudaea
1568 2755 1869 2812 litterarum

255 2833 394 2885 notis
431 2832 756 2903 insignivit),
795 2829 1069 2901 sequentia
1101 2831 1475 2886 continentur:
1525 2830 1603 2886 1⁰.
1640 2852 1667 2884 a
1708 2832 1803 2887 fol.
1837 2837 1862 2886 l

256 2926 404 2960 verso
437 2907 503 2960 ad
535 2911 566 2960 4
600 2917 804 2959 rectum
826 2945 840 2965 ‚
881 2905 1037 2958 index
1071 2924 1288 2978 precum
1311 2947 1324 2967 ‚
1369 2925 1503 2980 quae
1541 2907 1593 2959 in
1628 2907 1729 2960 hoc
1761 2907 1863 2963 Oo-

257 2981 377 3036 dice
415 2992 618 3036 exstant
658 2982 720 3034 ad
753 2981 847 3035 fol.
889 2998 1052 3054 usque
1090 2983 1195 3033 202
1231 2992 1394 3045 rect.;
1434 3001 1593 3055 quem
1631 2983 1865 3038 indicem

255 3060 521 3112 recentior
567 3056 656 3112 illa
695 3075 880 3110 manus
931 3056 1230 3112 Rabbinica
1280 3059 1631 3113 continuavit.
1712 3059 1796 3114 2⁰.
1839 3079 1868 3113 a

256 3133 354 3190 fol.
381 3137 412 3187 4
444 3153 576 3188 verS.
614 3131 678 3185 ad
713 3137 743 3187 5
775 3144 940 3195 rect„
978 3133 1215 3203 precatio
1257 3151 1391 3204 quae
1420 3133 1561 3206 apud
1596 3133 1864 3198 judaeos,

258 3218 498 3283 tempore
545 3208 688 3283 quod
738 3209 875 3261 inter
912 3208 1050 3262 Novi
1087 3207 1228 3260 Anni
1277 3209 1417 3263 diem
1461 3210 1662 3280 (natvm
1694 3210 1864 3280 wit-l)

257 3294 309 3337 et
364 3284 503 3338 diem
567 3284 892 3355 Expiationis
954 3282 1131 3353 (ἾἸΞΞ
1187 3282 1297 3352 m’)
1351 3286 1672 3347 intercedit,
1751 3296 1869 3358 post

255 3357 429 3414 solitas
486 3361 680 3431 o'l'Wae'y
725 3361 946 3423 v'UDW,
1007 3363 1112 3415 sive
1173 3360 1477 3415 octodecim
1527 3366 1868 3480 ffatz'arum
