2184 4074
1051 381 1150 419 VIII

285 545 468 595 natu5,
550 531 619 584 ibi
682 543 916 585 mortuus
984 544 1057 585 est
1120 531 1202 583 die
1274 534 1340 583 ΞΞ
1395 535 1586 586 mensis
1655 533 1896 587 Octobris

285 647 330 679 a.
382 629 521 679 1855
569 623 667 696 (a).

359 719 457 771 Per
497 718 707 790 longam
732 759 746 778 ,
791 736 948 790 quam
996 715 1305 770 Willmetus
1345 718 1507 780 vixit,
1553 730 1774 773 aetatem
1815 730 1896 772 to-

283 823 363 864 tus
406 829 608 883 semper
653 820 935 883 occupatus
977 819 1087 861 erat
1128 809 1182 860 in
1227 806 1505 862 Codicibus
1544 810 1934 872 Orientalibus,

283 905 383 959 sibi
419 902 798 977 comparandis.
894 901 1065 955 Simili
1106 899 1360 953 desiderio
1401 901 1693 956 ducebatur
1731 905 1899 976 magi-

244 993 257 998 ”
282 1009 385 1051 ster
425 998 537 1068 ejus
580 995 872 1050 ScheidiuS.
958 994 1059 1051 Sed
1097 994 1223 1051 dum
1265 994 1351 1047 hic
1386 995 1449 1047 ad
1502 996 1673 1069 ipsum
1716 994 1901 1050 Orien-

279 1102 386 1144 tem
422 1091 659 1151 animum
700 1089 1002 1143 advertebat
1038 1099 1089 1142 et
1125 1087 1431 1140 thesaurum
1469 1088 1900 1161 pretiosissimum

282 1204 308 1236 0
353 1181 806 1256 Constantinopoli
861 1194 911 1236 et
957 1182 1160 1236 Halebo
1215 1180 1536 1243 arcessebat,
1591 1179 1900 1234 Willmetus

282 1276 346 1328 ad
381 1276 544 1353 solam
599 1276 824 1348 patriam
877 1275 1055 1328 oeulos
1102 1273 1334 1326 habebat
1382 1269 1629 1326 intentosss
1712 1272 1901 1326 Libro—

280 1388 399 1422 rum
435 1368 654 1442 cupidus
692 1367 886 1440 ubique
927 1367 1018 1420 hic
1060 1366 1467 1439 circumspexit,
1511 1376 1588 1428 et,
1632 1384 1901 1438 quaecun-
1942 1417 1945 1420 ,

282 1482 383 1535 (100
423 1461 628 1515 venalia
669 1461 827 1525 emit,
873 1470 962 1512 aut
1016 1459 1080 1512 ab
1135 1459 1325 1531 amicis¹
1353 1457 1489 1510 dono
1531 1459 1766 1531 accepit,
1809 1467 1901 1516 aut

278 1558 389 1629 ipse
444 1555 785 1628 conscripsit,
830 1554 1005 1607 omnia
1053 1553 1331 1626 diligenter
1376 1552 1432 1604 in
1476 1569 1643 1622 unum
1685 1569 1898 1622 conges-

280 1650 342 1702 sit
366 1692 380 1710 ‚
424 1649 495 1700 ita
540 1658 598 1700 ut
637 1646 851 1700 tandem
899 1648 1007 1699 viro
1041 1689 1053 1711 ,
1097 1638 1329 1720 sumptui
1381 1656 1479 1698 nec
1538 1663 1726 1719 operae
1780 1662 1899 1716 par·

279 1742 445 1802 centi‚
491 1740 731 1793 collectio
773 1740 1058 1803 exstiterit,
1123 1757 1256 1811 quae
1309 1756 1556 1791 numeros
1608 1740 1712 1789 257
1750 1754 1894 1789 com-

276 1832 621 1907 plectebatur.

354 1926 431 1980 De
473 1925 693 1998 singulis
733 1925 813 1978 his
856 1922 1137 1978 Codicibus
1177 1934 1228 1977 et
1266 1922 1422 1975 modo
1446 1964 1460 1984 ‚
1505 1940 1608 1994 quo
1645 1921 1897 1975 Willme-

278 2030 360 2072 tus
382 2038 468 2072 eos
491 2018 709 2091 adeptus
741 2019 835 2080 sit,
860 2018 1053 2070 referre
1074 2016 1166 2070 hic
1187 2035 1366 2070 meum
1399 2034 1506 2067 non
1527 2025 1622 2068 est.
1670 2013 1894 2078 Omnia,

280 2131 414 2183 quae
454 2112 571 2166 hac'
595 2111 658 2164 de
700 2130 755 2164 re
798 2111 1171 2174 innotuerunt,
1208 2108 1278 2183 „ad
1321 2096 1756 2181 unumquemque
1793 2125 1894 2160 nu-

277 2224 482 2259 merum
524 2206 575 2257 in
620 2203 864 2276 Catalogo
919 2203 1098 2256 sedulo
1151 2203 1478 2266 notavimuS‚
1525 2201 1674 2255 ‘haud
1714 2201 1898 2254 leviter

280 2298 513 2370 adjuvati
554 2297 980 2350 annotationibus
1022 2298 1182 2370 ipsius
1225 2296 1526 2359 Willmeti‚
1570 2315 1697 2368 quas
1739 2293 1896 2349 Cata-

279 2392 396 2464 logo
441 2390 693 2444 Codicum
732 2408 944 2442 suorum
988 2391 1159 2458 (num.
1207 2386 1501 2458 CCLVIII)
1546 2388 1779 2458 adjecit.1
1841 2386 1897 2441 Si

279 2503 399 2536 vero
441 2482 505 2536 de
547 2483 656 2536 tota
698 2482 1008 2535 collectione
1056 2493 1107 2535 et
1149 2482 1338 2546 mode,
1386 2501 1488 2555 quo
1535 2482 1666 2535 haec
1706 2482 1899 2535 sensim
1964 2499 1967 2501 ·

280 2577 569 2639 exstiterit,
611 2576 792 2648 paucis
842 2595 1132 2649 exponam,
1175 2576 1382 2630 Lectori
1418 2575 1517 2628 hoc
1557 2594 1662 2628 non
1716 2573 1899 2646 displi-

281 2689 396 2722 cere
455 2667 660 2721 confido
687 2709 700 2731 ,
765 2669 887 2740 quia
954 2670 1026 2722 sic
1100 2667 1404 2742 apparebit,
1477 2686 1737 2741 quaenam
1797 2666 1899 2719 sint

279 2763 591 2835 praecipuae
627 2762 739 2832 ejus
773 2773 972 2833 parteS‚
995 2773 1047 2815 et
1069 2761 1643 2835 simulnquodammodo
1663 2786 1676 2826 5
1716 2759 1900 2832 quanti

279 2854 378 2907 hae
418 2855 518 2906 sint
553 2854 922 2908 aestimandae.

361 2946 512 3000 Anno
570 2948 728 3019 igitur
776 2950 916 3001 1773
957 2949 1265 3001 Willmetus
1314 2951 1377 3000 41
1445 2947 1660 3002 Codices
1715 2955 1898 2998 nactus

283 3051 396 3105 est,
480 3040 569 3112 qui
639 3040 926 3112 primordia
994 3040 1097 3093 dici
1169 3021 1384 3113 possunt
1451 3042 1562 3111 ejus
1630 3037 1896 3091 collectio-

349 3258 423 3316 (a)
464 3255 535 3303 Of.
587 3258 651 3305 H.
691 3259 929 3315 Bouman,
988 3259 1146 3306 Gesclc.
1185 3275 1273 3308 van
1304 3261 1357 3308 de·
1399 3274 1563 3309 voorm,
1626 3257 1897 3308 Geldersche

285 3326 628 3386 ,Hooyesc-lcool,
664 3326 742 3386 ΙΙ,
781 3326 839 3374 bl.
881 3331 972 3374 509
1009 3343 1065 3374 en
1098 3344 1138 3376 v.
