2184 4074
1114 405 1146 441 X

313 554 443 626 ginti
482 553 562 626 (a)
607 556 763 609 etiam
796 575 855 608 ex
896 555 1081 610 eodem
1117 557 1262 610 fonte
1305 560 1608 619 emanasse?
1660 558 1936 630 Quomodo

310 644 368 698 hi
395 645 608 700 Codices
647 647 703 700 in
737 649 961 722 patriam
1003 659 1233 702 nostram
1270 647 1616 714 devenerint,
1659 671 1765 706 non
1801 634 1936 711 'con-
2007 664 2010 666 ’

312 749 450 804 stat,
494 727 594 794 ‘sed
629 741 744 795 fieri
784 741 886 795 hoc
932 743 1200 815 potuisse„
1246 742 1468 815 quisque
1513 743 1811 817 intelliget,
1855 763 1938 798 re-

310 843 530 905 putans,
582 821 885 889 duumviros
946 845 1187 898 nostrOS‚
1236 836 1642 908 opportunitate
1702 836 1823 891 data
1885 846 1938 890 et

311 909 637 997 conjunctim
714 946 843 988 cum¹
897 927 1009 980 aliis
1071 927 1225 980 rebus
1252 968 1265 992 ‚
1337 927 1540 1000 saepius
1599 925 1819 983 Codices
1877 947 1939 982 ex

312 1015 528 1072 Oriente
573 1018 636 1071 ad
678 1019 987 1075 Institutum
1031 1019 1311 1072 Judaicum
1354 1018 1710 1092 Callenbergii
1742 1020 1939 1074 misisse

308 1119 360 1163 et
376 1111 678 1184 perferendi
712 1132 893 1166 curam
930 1112 1308 1166 mercatoribus
1334 1154 1347 1176 ,
1392 1110 1666 1171 Ho'llandis
1689 1131 1936 1187 quoque,

309 1203 720 1259 commendasse.
805 1205 964 1259 Forte
998 1205 1160 1279 igitur
1191 1215 1453 1261 mercator
1491 1205 1800 1259 mandatum
1831 1225 1938 1261 non

311 1306 586 1356 exsecutus
623 1306 728 1359 est,
772 1297 907 1354 forte
953 1297 1112 1350 etiam
1157 1281 1244 1368 (ne
1299 1307 1500 1351 temere
1545 1298 1599 1350 in
1642 1298 1939 1369 calumniae

310 1387 511 1441 crimen
545 1389 837 1461 incurram)
862 1374 1026 1443 'navis
1053 1384 1081 1454 ‚³
1108 1375 1342 1463 procella
1385 1401 1503 1444 acta
1542 1401 1593 1444 et
1643 1391 1709 1443 ad
1762 1391 1938 1445 littora

308 1491 483 1534 nostra
525 1481 743 1555 appulsa
770 1523 783 1545 ,
830 1480 1047 1537 Codices
1093 1482 1200 1536 huc
1242 1482 1420 1536 attulit
1473 1482 1567 1555 (b).
1663 1483 1940 1556 Quidquid

309 1593 430 1628 vero
483 1573 644 1646 hujus
686 1576 762 1629 rei
802 1571 905 1640 sit,
963 1576 1102 1641 inter
1139 1574 1301 1629 libros
1353 1575 1516 1641 Mss.)
1561 1577 1657 1650 qui
1713 1595 1757 1632 a.
1793 1574 1936 1632 1775

310 1667 610 1721 collectioni
667 1678 876 1735 nostrae
944 1678 1314 1732 accesserunt,
1375 1669 1532 1741 pauci
1603 1670 1943 1742 reperiuntur

309 1759 607 1813 memoratu
665 1759 812 1833 digni
873 1759 939 1833 (v.
993 1779 1040 1813 c.
1094 1779 1244 1813 num.
1301 1758 1544 1814 CLXXV
1603 1771 1655 1814 et
1704 1759 1934 1831 CCVI);

309 1852 527 1925 plurimi
566 1851 839 1907 Schultzio
894 1863 947 1907 et
1005 1852 1431 1907 Woltersdorffio
1472 1852 1791 1905 adminicula
1826 1852 1965 1906 fue-¹

310 1954 473 2010 runt,
518 1944 709 2017 quibus
750 1945 1012 1999 elementa
1047 1945 1351 2019 linguarum
1401 1943 1751 1999 Orientalium
1796 1944 1938 2001 addi·

311 2049 534 2093 scerent.

388 2130 543 2185 Anno
589 2134 732 2185 1780
794 2150 989 2184 novum
1048 2132 1454 2189 incrementum,
1497 2132 1636 2207 cepit
1697 2131 1939 2184 collectio

311 2235 486 2280 nostra
509 2244 568 2278 ex
591 2223 836 2278 auctione
863 2224 1119 2283 librorum
1142 2226 1238 2278 viri
1269 2224 1554 2294 Clarissimi
1589 2225 1644 2278 J.
1668 2224 1723 2279 J.
1749 2223 1942 2280 Schul-

308 2319 462 2375 tensii
489 2360 503 2382 ‚
543 2321 724 2384 'mense
772 2317 918 2391 Sept.
962 2318 1122 2390 hujus
1164 2319 1289 2371 anni
1330 2317 1579 2390 Lugduni
1622 2316 1940 2371 Batavorum

306 2411 506 2469 habita.
572 2411 648 2466 Ex
685 2410 844 2482 hujus
877 2410 1205 2485 bibliotheca
1248 2413 1317 2463 26
1358 2409 1738 2463 Codicesemit
1777 2409 1940 2463 Will-

307 2516 496 2560 metuS.
562 2503 749 2576 Neque
789 2502 848 2556 hi
871 2503 1205 2577 ‚praestantia
1238 2503 1510 2567 eminent3
1558 2502 1781 2554 rariores
1817 2512 1939 2567 sunt

308 2598 517 2652 numeri
559 2595 752 2658 XXII,
799 2595 949 2650 CXII
974 2638 986 2661 ,
1033 2595 1267 2661 CLVII,
1314 2595 1574 2659 CLXVI,
1620 2593 1937 2659 CLXXIII,

311 2691 581 2748 CLXXIX
623 2687 904 2746 etsCCIV.

922 2823 950 2835 l
991 2822 993 2824 .

378 2886 452 2944 (a)
490 2881 688 2931 Numeri
743 2881 990 2939 XXXVI,
1039 2882 1260 2939 XLVII,
1314 2882 1350 2933 C
1373 2918 1383 2937 ,
1450 2879 1649 2933 CVIII,
1701 2876 1935 2934 CXLIII,

311 2950 520 3006 CXLV,
575 2950 689 3006 CL,
742 2949 930 3004 CLXI,
996 2949 1258 3006 CLXVII,
1313 2949 1567 3003 CLXXV,
1623 2945 1936 3003 CLXXXII,

309 3018 616 3073 CLXXXV,
678 3017 1036 3075 CLXXXVII,
1091 3018 1383 3076 CXCVIII,
1438 3015 1674 3072 CXCIX,
1747 3013 1935 3070 CCVI,

311 3087 523 3143 CCVII,
559 3084 746 3140 CCIX,
783 3085 983 3132 CCXIV
1022 3089 1068 3132 et
1099 3085 1319 3133 CCXXI.

378 3158 450 3217 (b)
485 3155 667 3202 Revera
713 3153 770 3200 dc
814 3153 899 3200 tali
938 3153 1184 3215 naufragio
1230 3154 1280 3200 in
1329 3151 1498 3200 vicinia
1545 3149 1726 3197 insulae
1786 3147 1934 3210 Texel

308 3223 517 3287 loquitur
549 3220 812 3268 Schultzius
849 3221 898 3267 in
935 3220 1095 3268 Diario
1130 3221 1257 3270 laud.
1297 3222 1376 3282 (T.
1403 3220 1473 3267 IV
1494 3255 1505 3274 ,
1543 3220 1591 3265 S.
1618 3218 1711 3268 378
1750 3216 1801 3263 in
1833 3217 1933 3275 n.),

309 3293 556 3356 deplorans
610 3293 682 3336 tot
748 3288 939 3335 Codices
999 3288 1265 3337 Orientales
1320 3289 1568 3354 pretiosos,
1622 3284 1681 3332 ab
1732 3284 1832 3349 ipso
1883 3284 1933 3330 in

311 3360 505 3407 Oriente
540 3357 860 3420 conquisitos,
902 3357 967 3404 ibi
1001 3357 1248 3405 interiissc.
