2184 4074
1003 348 1108 398 285

269 533 306 567 »
327 515 502 576 1739,
545 511 614 566 H.
667 512 731 566 E.
776 510 832 566 S.
863 510 1134 575 Bonsach‚
1195 508 1438 565 Secret.''
1519 509 1754 585 Scriptus
1799 523 1876 566 est

268 587 412 642 char.
446 587 746 660 Malayfflim
773 629 786 652 ,
848 597 907 640 ut
965 586 1120 640 Doct.
1164 585 1291 638 Rost
1345 585 1477 639 mihi
1524 587 1834 659 significavit
1859 627 1873 651 ,

267 662 362 735 qui
400 672 576 717 autem
609 682 669 717 ex
707 662 964 736 particule
985 660 1207 716 Codicis
1245 661 1295 714 ei
1340 660 1600 714 delineat&
1641 662 1775 715 nihil
1812 662 1877 716 de

266 738 381 866 ejuls
428 747 734 812 argumento
753 779 767 804 ,
809 738 909 818 nisi
939 737 1050 811 ipso
1093 733 1286 790 Codice
1306 736 1566 810 ·inspect0
1591 778 1605 801 ‚
1646 737 1878 811 proferre

269 830 338 866 au
375 823 444 868 et.
1642 839 1646 843 ’

668 930 851 992 xm.
939 888 1146 992 Libri'
1170 930 1454 1019 Malaiei.

831 1088 897 1143 N.
961 1087 1282 1144 CCXLII.

467 1210 557 1270 (Ex
586 1210 761 1258 Willm.
788 1209 887 1258 cat.
934 1227 981 1260 n.
1007 1197 1144 1269 '237,
1179 1227 1220 1272 p.
1253 1210 1332 1258 35.
1403 1208 1475 1255 Ab
1518 1208 1606 1256 hoc
1637 1215 1782 1258 emtus
1819 1218 1882 1258 est

539 1294 627 1325 una
663 1294 767 1325 cum
795 1280 996 1327 numeris
1010 1279 1105 1326 236
1126 1315 1139 1338 ‚
1160 1278 1257 1326 238
1289 1282 1331 1325 et
1351 1276 1449 1325 239
1476 1273 1547 1339 (ex
1564 1277 1736 1328 Willm.
1761 1279 1880 1339 Cat.)

448 1368 451 1371 ·
541 1362 566 1392 e
599 1346 710 1394 bibl.
749 1346 786 1393 E
820 1347 1014 1394 Scheidii
1036 1383 1048 1407 ,
1085 1349 1132 1394 in
1168 1349 1296 1410 quus
1325 1344 1463 1392 Catal.
1501 1343 1548 1391 hi
1584 1361 1736 1393 omnes
1771 1363 1880 1395 con-

526 1414 727 1477 junctim
762 1421 1074 1462 memorantur
1108 1414 1192 1462 sub
1228 1431 1271 1466 n..
1295 1413 1356 1461 65
1377 1448 1391 1472 ,
1428 1430 1472 1475 p.
1496 1410 1598 1473 98.)
1894 1422 1896 1425 ’

342 1549 516 1606 Codex
548 1551 604 1604 in
642 1551 735 1606 fol.
761 1593 774 1615 ,
824 1556 896 1606 68
936 1553 1275 1626 paginarum,
1327 1551 1552 1624 ligatura
1601 1550 1876 1606 chartacea

265 1637 584 1701 compactuS.
680 1625 927 1681 Continet
969 1627 1021 1699 (a
1059 1648 1111 1702 p.
1151 1626 1351 1699 1—60)
1395 1627 1635 1699 exiguam
1674 1638 1879 1701 partem

266 1702 444 1757 Lexici
483 1701 943 1777 Mala’ico-Belgici
965 1745 979 1768 ,
1022 1703 1277 1757 vocabula
1313 1719 1504 1775 nempe
1535 1720 1565 1753 a
1601 1702 1776 1756 litter&
1815 1736 1882 1776 υ»

266 1793 614 1878 incipiential,
656 1804 707 1847 et
746 1793 960 1868 quidem
1001 1814 1030 1846 a
1068 1806 1138 1846 a».
1177 1801 1343 1868 usque
1387 1791 1452 1846 ad
1477 1825 1580 1868 yffi
1661 1791 1739 1847 De
1770 1793 1881 1847 Au—

267 1891 411 1939 ctore
445 1883 604 1957 hujus
645 1884 824 1939 Lexici
858 1886 914 1938 in
950 1882 1142 1940 Codice
1180 1895 1358 1939 nostro
1398 1884 1586 1938 mutilo
1625 1882 1760 1938 nihil
1797 1904 1880 1939 re-

263 1958 451 2014 fertur.
534 1956 753 2013 Accedit
808 1960 883 2033 (p.
923 1960 1164 2033 61-68)
1215 1960 1316 2014 alia
1370 1979 1534 2013 manu
1583 1958 1836 2034 scriptum
1861 2002 1875 2026 ,

164 2091 169 2094 ,
268 2031 590 2088 Glossarium
653 2033 1209 2110 Lusitano-Belgicurn
1233 2077 1249 2100 ‚
1327 2033 1620 2105 secundum
1691 2033 1874 2090 classes

263 2107 582 2165 ordinatum.
638 2109 708 2168 ,Ε
737 2109 971 2164 clausule
988 2151 1004 2176 ,
1047 2109 1123 2186 (p.
1166 2111 1259 2182 68)
1300 2109 1427 2164 huic
1467 2108 1718 2185 opusculo
1759 2109 1879 2165 sub-

257 2185 476 2258 juncta,
528 2195 674 2259 patet
720 2184 774 2238 id
809 2185 904 2239 die
955 2189 1020 2240 17
1064 2207 1134 2239 m.
1176 2187 1435 2258 Anqusti
1489 2206 1542 2238 a.
1586 2187 1729 2240 1715
1780 2183 1876 2240 de-

263 2261 547 2391 sjrlztptum
577 2260 782 2332 fuisse
821 2279 892 2313 ex
934 2265 1220 2340 epcerptis
1246 2334 1250 2338 Α
1276 2261 1350 2315 V.
1392 2261 1468 2315 D.
1502 2260 1599 2316 'M.
1657 2281 1728 2335 op
1768 2259 1877 2315 den

325 2356 354 2388 e
392 2355 478 2390 er.

850 2455 917 2509 N.
974 2453 1340 2513 CCXLIII.

468 2573 561 2655 (E'x
597 2592 768 2641 Willm.
800 2576 898 2641 Cat.
935 2611 983 2641 n.
1010 2583 1138 2650 236,
1176 2612 1220 2658 p.
1241 2594 1322 2643 35.
1393 2595 1463 2642 Ab
1487 2594 1572 2642 hoe
1598 2595 1877 2656 conjunctim
1917 2602 1920 2605 ’

539 2675 645 2707 eum
677 2675 808 2708 num.
842 2660 1045 2723 praeced.
1077 2666 1224 2709 emtus
1252 2666 1352 2722 est.)

343 2797 517 2853 Codex
552 2798 610 2851 in
650 2797 742 2851 fol.
763 2839 778 2859 ,
821 2801 892 2851 84
925 2799 1270 2871 paginarum,
1319 2799 1546 2873 ligatur&
1595 2800 1877 2856 chartacea

267 2881 569 2948 compactus
590 2916 606 2936 ,
631 2883 685 2927 et
702 2913 718 2934 ,
762 2883 821 2926 ut
847 2873 1052 2927 videtur
1070 2914 1084 2938 ‚
1108 2874 1291 2928 eedem
1320 2893 1483 2930 manu
1504 2918 1518 2941 ,
1562 2893 1696 2950 quae
1733 2879 1878 2952 pagi-

264 2968 357 3004 nas
400 2952 583 3002 1--60
622 2949 829 3002 numeri
862 2967 1061 3022 praec.
1119 2950 1354 3024 scripsit,
1405 2962 1659 3006 exaratus
1741 2952 1876 3007 Con-

264 3025 397 3079 tinet
439 3025 757 3102 Glossarium
808 3023 1342 3099 Mala'i'co-Belgicum
1367 3067 1381 3091 ,
1430 3029 1739 3101 praesertim
1776 3029 1874 3084 Bo·

264 3101 519 3177 tanicum.
602 3100 866 3156 Percurrit
906 3119 935 3153 a
974 3100 1077 3157 litt.
1122 3103 1135 3158 i
1176 3120 1344 3175 usque
1381 3102 1445 3156 ad
1484 3104 1585 3159 litt.
1631 3133 1712 3178 &-
