2184 4074
998 404 1053 441 IX

213 564 329 626 nis,
392 561 586 633 quippe
646 575 779 629 quae
841 554 1011 607 adhuc
1070 552 1391 626 pauoissimis
1460 563 1664 604 tantum
1724 569 1822 602 nu-

211 655 366 708 meris
406 650 695 706 constabat.
777 647 882 699 Hos
926 650 987 699 41
1029 664 1208 698 omnes
1249 664 1295 697 a.
1341 647 1481 697 1773
1515 645 1569 696 in
1598 654 1825 717 potesta-

212 758 320 800 tem
359 745 557 798 venisse
614 741 879 794 Willmeti
906 781 918 804 ,
980 758 1040 792 ex
1081 738 1205 791 anni
1257 738 1380 791 nota
1429 747 1604 811 patet,
1649 756 1677 789 a
1717 737 1826 790 viro

217 838 358 893 Clar.
413 836 583 910 primo
646 831 1085 887 Codicum-solio
1144 831 1427 905 inscriptas
1514 832 1589 884 De
1647 840 1830 885 eorum

219 950 335 985 vero
381 930 581 1002 origine
635 927 767 980 nihil
814 925 1104 999 quidquam
1148 943 1176 976 a
1220 923 1498 981 Willmeto
1539 925 1594 976 in·
1646 942 1828 987 num.-‚

217 1023 372 1076 modo
423 1020 603 1083 dicto,
667 1007 937 1071 CCLVIII
995 1027 1314 1089 annotatur,
1377 1036 1550 1090 neque
1601 1018 1774 1070 etiam·
1806 1036 1834 1069 a

218 1114 367 1168 nobis
413 1114 470 1166 in
519 1111 621 1165 hoe
674 1108 925 1183 Catalogo
969 1108 1231 1181 *traditum
1286 1119 1377 1165 est.
1478 1109 1834 1188 Nihilominus

219 1207 435 1260 diffiteri
484 1204 640 1267 n010,
702 1202 985 1256 admodum
1045 1201 1318 1276 probabile
1363 1202 1493 1254 mihi
1543 1201 1705 1255 videri
1751 1221 1837 1256 eos

221 1318 400 1352 omnes
440 1297 693 1370 originem
734 1295 937 1348 duxisse
977 1315 1038 1348 ex
1081 1294 1289 1347 officina
1336 1293 1591 1367 Stephani
1628 1293 1836 1347 Schult-

224 1392 289 1444 zii
329 1401 381 1444 et
425 1389 544 1442 Alb.
587 1389 671 1440 Fr.
717 1387 1144 1449 I'Voltersdorffii.
1237 1388 1306 1441 Hi
1353 1388 1511 1460 legati
1560 1398 1708 1440 erant
1757 1388 1841 1441 In-

223 1483 390 1536 stituti
442 1480 657 1535 Judaioi
698 1479 1051 1553 Callenbergii
1092 1490 1142 1533 et
1191 1479 1313 1533 inde
1354 1479 1420 1532 ab
1467 1498 1514 1532 a.
1567 1482 1708 1532 1752
1750 1499 1844 1552 per

176 1598 189 1614 x
226 1574 495 1629 Orientem
535 1574 635 1626 iter
674 1573 949 1633 fecerunt,
1005 1592 1033 1626 e
1070 1591 1175 1645 quo
1219 1582 1396 1625 tamen
1444 1572 1582 1624 solus
1626 1572 1843 1626 Schult-

227 1669 334 1720 zius
361 1692 385 1731 ,⁴
430 1665 863 1719 VVoltersdorffio
908 1664 992 1718 die
1049 1669 1112 1716 12
1174 1683 1244 1717 m.
1299 1664 1432 1736 Aug.
1496 1683 1542 1717 a.
1593 1669 1734 1718 1755
1791 1666 1844 1718 iu

226 1761 355 1812 urbe
396 1757 677 1812 Ptolomais
730 1767 936 1810 mortuo
964 1800 976 1821 ‚
1031 1777 1075 1810 a.
1118 1760 1278 1830 1756ι
1317 1757 1486 1809 salvus
1529 1758 1584 1810 in
1617 1760 1845 1831 patriam

227 1852 420 1917 rediit3
467 1851 606 1905 conf.
651 1849 907 1915 diarium,
953 1870 996 1902 a.
1044 1854 1174 1903 1771
1212 1861 1264 1903 et
1304 1869 1450 1922 seqq.
1505 1869 1530 1901 a
1575 1849 1846 1904 Schultzio

229 1945 473 2008 editum,
517 1962 562 1996 c.
593 1953 632 1995 t.
677 1942 802 1996 Der
854 1942 1182 2015 Leitunqen
1223 1942 1325 1994 des
1359 1940 1658 1995 Haclzsten
1699 1945 1848 1996 raa-elz

232 2042 443 2092 seinem
500 2036 662 2089 Rath
720 2035 839 2107 auf
887 2036 995 2088 den
1053 2035 1266 2087 Rei-sen
1321 2034 1505 2086 durch
1560 2034 1845 2108 Europa,

228 2131 382 2185 Asia
421 2129 544 2181 und
578 2126 813 2198 Africa,
908 2127 1077 2181 Causa
1111 2127 1251 2200 quod
1292 2127 1358 2179 ab
1398 2126 1477 2180 his
1518 2126 1805 2189 duumviris
1831 2169 1845 2192 ,

232 2225 324 2297 qui
356 2221 548 2274 multos
584 2218 801 2279 Codices
825 2261 838 2283 ,
883 2221 986 2273 sive
1019 2220 1245 2293 pecunia
1287 2219 1440 2283 data,
1483 2220 1588 2274 sive
1627 2239 1847 2294 apogra-

231 2316 347 2402 phis
386 2314 567 2376 faetiS,
610 2313 664 2364 in
709 2311 924 2366 Oriente
960 2313 1057 2365 sibi
1098 2311 1512 2385 comparabant,
1550 2323 1850 2365 nostrorum

233 2410 391 2462 etiam
432 2405 687 2477 originem
729 2415 938 2477 repete,
982 2405 1113 2458 haec
1144 2415 1238 2458 est.
1299 2405 1375 2458 Ex
1415 2408 1477 2456 41
1506 2403 1651 2457 libris
1688 2405 1810 2459 Mss,
1836 2448 1848 2469 ,

235 2519 363 2574 quos
407 2497 622 2560 eodem,
682 2507 739 2550 ut
779 2497 1035 2562 vidimus,
1088 2517 1225 2550 anno
1267 2496 1576 2550 Willmetus
1625 2499 1853 2570 aequisi-

235 2596 305 2646 vit
323 2635 344 2654 ,,
401 2593 464 2643 19
505 2588 583 2661 (a)
626 2589 948 2662 deprehendi
1005 2592 1070 2643 ab
1111 2592 1233 2664 ipsis
1287 2589 1557 2644 Schultzio
1608 2601 1659 2643 et
1704 2592 1854 2644 Wol-

233 2682 522 2740 tersdorffio
557 2693 788 2735 exaratos
809 2727 822 2745 ,
847 2684 1021 2761 lzijus
1057 2702 1242 2736 manus
1272 2702 1427 2756 porro
1463 2683 1516 2734 in
1549 2682 1754 2735 duobus
1780 2683 1851 2755 (b)

236 2778 347 2830 aliis
386 2784 632 2848 apparet:
700 2774 824 2846 quid
879 2775 1071 2827 mirum
1115 2776 1167 2828 si.
1206 2775 1464 2846 conjiciO,
1530 2760 1727 2828 ceteros
1777 2777 1851 2828 vi-

304 3045 379 3104 (α)
418 3046 538 3091 Sunt
569 3044 749 3092 numeii
777 3043 1023 3099 XXXIX,
1060 3044 1207 3097 XLI,
1228 3043 1396 3098 XLII,
1429 3044 1626 3099 XLIII,
1645 3045 1859 3103 LXVII,

238 3111 425 3167 CXLI,
462 3113 716 3169 CXLVII,
756 3111 1044 3166 CXLVIII,
1092 3112 1278 3170 CLIX,
1324 3113 1652 3168 CLXXXVI,
1701 3113 1862 3171 CXC,

237 3179 456 3295 {XgIIIs
490 3180 729 3238 CXCIII,
767 3180 878 3238 CC,
926 3180 1064 3235 CCI,
1115 3179 1278 3236 CCII,
1317 3180 1579 3238 CCXXII,
1617 3149 1783 3229 CCLV
1813 3188 1859 3228 et

310 3317 379 3374 (ὁ)
420 3315 563 3363 Num.
602 3314 776 3362 XXIII
815 3320 859 3361 ot
894 3314 997 3361 XL.
