2184 4074
1049 383 1084 433 5

262 540 358 594 tim
408 535 598 591 litteris
634 535 979 601 Rabbinicis,
1041 536 1235 609 partim
1274 534 1466 588 nostris
1523 551 1864 590 numerorum

262 616 447 687 signis)
472 652 485 675 ‚
527 612 658 665 haec
694 622 934 666 exstant:
1003 614 1075 666 1⁰.
1111 631 1137 664 a
1175 611 1272 666 fol.
1308 612 1416 663 218
1459 627 1593 664 vers.
1632 612 1696 664 ad
1733 623 1862 665 extr.

259 689 357 742 fol.
398 690 505 741 222
556 696 724 753 rect.‚
778 707 958 762 preces
1012 706 1147 760 quae
1194 688 1500 741 inseruntur
1547 684 1714 739 solitis
1761 686 1867 741 illis

256 763 450 832 ΠἾΨΏ
478 767 659 823 rtmw
680 804 694 826 ,
739 765 998 818 matutino
1033 774 1270 837 tempore
1303 762 1411 816 diei
1440 762 1490 816 9i
1517 763 1710 815 mensis
1738 761 1859 826 28,

258 843 352 915 qui
390 843 498 896 dies
537 851 615 895 est
652 841 945 913 gravissimi
970 840 1199 912 jejunii,
1259 858 1364 912 quo
1405 837 1707 891 celebratur
1752 857 1867 892 me-

255 919 426 972 moria
475 919 753 987 utriusque
806 915 1014 988 Templi
1066 914 1363 978 combusti,
1403 913 1596 986 prioris
1634 932 1660 965 a
1703 912 1866 967 Chal-

255 993 432 1054 daeis,
474 991 782 1064 posterioris
815 1009 843 1042 a
879 991 1150 1044 Romanis,
1232 994 1308 1046 2⁰.
1346 990 1412 1043 ab
1452 999 1583 1043 extr.
1618 988 1713 1041 fol.
1757 992 1863 1042 222

255 1078 388 1123 rect.
433 1067 499 1121 ad
534 1066 672 1121 med.
713 1065 809 1119 fol.
848 1067 956 1118 238
999 1075 1130 1120 rect.
1154 1105 1168 1128 ‚
1210 1066 1408 1137 elegiae
1444 1083 1572 1137 quas
1605 1064 1866 1118 Praecen-

256 1154 339 1197 tor
376 1145 428 1196 in
462 1150 726 1196 conventu
763 1158 908 1193 sacro
945 1142 1124 1204 canit,
1166 1140 1350 1195 eodem
1388 1140 1482 1193 illo
1519 1139 1717 1211 jejunii
1752 1139 1862 1195 die.

255 1223 333 1275 3⁰.
370 1219 599 1291 denique
619 1257 634 1280 ‚
674 1236 700 1268 a
729 1216 870 1269 med.
904 1216 1000 1271 fol.
1034 1219 1141 1270 238
1171 1227 1303 1272 rect.
1333 1234 1498 1288 usque
1528 1216 1593 1267 ad
1627 1213 1723 1268 fol.
1755 1218 1862 1269 249

257 1313 391 1350 vers,
412 1335 425 1356 ‚
468 1295 576 1346 sive
608 1293 770 1345 finem
809 1291 1051 1355 Codicis,
1079 1291 1278 1365 elegiae
1311 1291 1435 1345 illae
1457 1332 1471 1355 ‚
1516 1309 1644 1363 quas
1677 1290 1861 1343 eodem

253 1369 340 1422 die
370 1369 575 1440 aliquot
610 1386 638 1420 e
671 1377 826 1419 coetu
865 1368 1001 1430 viri,
1045 1386 1098 1421 se
1130 1368 1352 1421 invicem
1391 1366 1736 1439 excipientes,
1779 1383 1862 1418 ca-

251 1454 409 1499 nunt.
490 1443 631 1497 Huic
676 1443 818 1514 parti
869 1441 1079 1496 Codicis
1112 1443 1247 1496 nihil
1290 1463 1318 1496 a
1355 1441 1573 1495 librario
1628 1440 1861 1495 subscri-

249 1528 403 1592 ptum
444 1527 541 1573 est.
1760 1569 1764 1572 .

328 1593 480 1664 Quod
524 1593 634 1663 jam
685 1593 749 1646 ad
801 1594 914 1665 ejus
965 1603 1189 1647 aetatem
1231 1603 1284 1648 et
1334 1593 1591 1666 originem
1630 1588 1860 1652 attinet,

249 1671 484 1742 primum
522 1668 736 1741 quidem
781 1689 842 1722 ex
882 1687 979 1732 eo,
1023 1669 1164 1742 quod
1206 1669 1271 1723 de
1311 1669 1501 1722 ritibus
1544 1665 1861 1720 Germanico

250 1755 305 1799 et
338 1745 595 1798 Polonico
628 1743 719 1797 hic
748 1744 1096 1797 multifariam
1132 1746 1270 1798 inter
1303 1764 1355 1799 se
1393 1741 1685 1797 commixtis
1719 1740 1859 1803 dixi,

249 1820 532 1874 manifesto
569 1838 825 1893 apparere
857 1819 1063 1873 videtur
1086 1860 1100 1883 ,
1142 1839 1246 1873 non
1281 1831 1486 1873 tantum
1521 1820 1694 1891 ipsum
1731 1833 1862 1888 opus

251 1896 639 1969 compositum,
684 1894 771 1948 sed
812 1893 914 1948 hoc
949 1914 1164 1968 quoque
1196 1895 1495 1969 exemplum
1532 1891 1859 1964 descriptum

250 1990 391 2037 esse,
425 1990 487 2024 eo
518 1980 724 2024 remoto
748 1980 984 2044 tempore
1004 2012 1017 2035 ,
1053 1990 1218 2044 quum
1242 1971 1346 2024 duo
1369 1970 1426 2024 hi
1459 1973 1592 2023 ritus
1623 1966 1860 2020 nondum

250 2065 279 2099 a
315 2065 367 2101 se
403 2046 630 2100 invicem
664 2045 944 2118 diligenter
966 2048 1193 2119 sejuncti
1221 2058 1427 2108 essent,
1460 2046 1549 2099 sed
1584 2041 1755 2097 adhuc
1780 2042 1862 2093 in-

248 2132 332 2176 ter
368 2141 421 2175 se
454 2121 818 2176 cohaererent.
899 2122 999 2178 Cui
1031 2123 1364 2195 antiquitatis
1397 2121 1598 2175 indicio
1633 2118 1859 2171 alterum

250 2197 489 2256 accedit,
534 2197 675 2269 quod
712 2198 869 2250 etiam
908 2197 971 2249 ad
1004 2198 1371 2269 compositoris
1404 2216 1596 2250 nomen
1634 2205 1687 2247 et
1723 2204 1859 2246 aeta-

251 2284 356 2326 tem
387 2271 684 2325 definienda
719 2291 921 2343 prope,
964 2283 1022 2325 ut
1059 2275 1280 2344 opinor,
1322 2291 1417 2325 nos
1445 2271 1684 2325 adducit.
1763 2267 1859 2320 Ni-

248 2347 445 2400 mirum
483 2346 715 2399 dubitari
755 2349 973 2419 nequit,
1020 2349 1149 2419 quin
1180 2347 1314 2400 illud
1352 2367 1576 2411 nomen,
1621 2343 1761 2416 quod
1804 2343 1857 2395 in

249 2422 640 2493 subscriptione
679 2422 872 2494 prioris
922 2425 1088 2495 partis
1130 2442 1183 2477 se
1225 2424 1413 2478 offerre
1453 2423 1599 2486 dixi,
1660 2421 1860 2479 nrm&

250 2498 399 2587 ΡΠΨ
436 2497 551 2562 Ἴ),
595 2497 822 2550 scribae
854 2497 953 2560 sit,
998 2507 1050 2551 at
1086 2500 1139 2551 in
1172 2499 1352 2552 infima
1391 2502 1479 2553 ora
1518 2500 1717 2573 primae
1755 2495 1860 2551 Co-

248 2591 383 2645 dicis
419 2591 642 2664 paginae
666 2631 678 2652 ,
739 2608 908 2663 quae,
945 2590 1202 2643 »omnium
1242 2590 1625 2664 squalidissima
1668 2600 1721 2645 et
1763 2587 1859 2641 ob·

246 2668 546 2720 scurissima
571 2707 586 2730 ,
628 2665 859 2719 indicem
901 2665 1053 2718 illum
1093 2667 1255 2719 serius
1289 2667 1580 2739 praefixum
1620 2665 1860 2720 continet

247 2743 378 2812 (vid.
415 2763 470 2816 p.
507 2747 538 2794 3
573 2760 649 2796 vs,
693 2746 751 2794 11
793 2741 964 2814 seq.),
1007 2740 1138 2794 haee
1177 2742 1390 2814 insuper
1431 2742 1624 2796 litteris
1660 2740 1857 2796 Rabbi-

244 2834 414 2895 niciS‚
471 2842 731 2886 vetustate
786 2850 953 2904 prope
1008 2830 1228 2897 deletis,
1271 2836 1467 2906 scripta
1506 2845 1658 2889 sunt:
1719 2835 1741 2890 't
1792 2831 1858 2887 ’Ν

244 2928 442 2986 nnn&
479 2925 566 2982 ff:
602 2895 852 3011 ΡΠῖἰΝθ
888 2882 1184 2984 ΠἸΠίἳῠΠ.
1284 2923 1384 2978 Cui
1433 2924 1762 2978 annotationi
1814 2926 1857 2978 si

246 2999 441 3053 confidi
474 3010 680 3074 potest,
721 3018 1047 3073 consequens
1080 3012 1190 3062 est,
1230 3010 1286 3052 ut
1319 3010 1503 3053 auctor
1537 2999 1692 3073 hujus
1728 3000 1855 3053 libri

245 3094 438 3128 nomen
486 3076 704 3148 gesserit
757 3076 969 3129 Isacia-i
1007 3077 1145 3147 filia·
1203 3075 1514 3139 Simclzae‚·
1579 3094 1639 3129 ac
1694 3075 1853 3128 simul

245 3150 521 3221 probabile
575 3152 664 3214 fit,
722 3150 879 3223 hujus
919 3154 1083 3225 ipsius
1136 3151 1305 3204 filium
1350 3151 1507 3205 fuisse
1559 3150 1851 3205 Sz'mclmm

244 3225 397 3278 illum
421 3226 479 3292 f.
516 3226 761 3290 Isac'z'cz',
807 3230 930 3300 qui,
974 3228 1146 3280 scriba
1174 3225 1334 3298 huJus
1368 3227 1630 3300 exempli,
1673 3236 1851 3298 pater-

242 3319 370 3353 num
408 3320 531 3374 ergo
572 3321 702 3376 opus
739 3304 1092 3375 descripserit.
1170 3302 1290 3356 Jam
1328 3321 1488 3375 porro
1523 3322 1549 3354 a
1591 3301 1849 3356 verisimi-

241 3374 467 3430 litudine
502 3396 606 3432 non
638 3378 923 3433 abhorrere
962 3378 1204 3442 videtur,
1247 3377 1520 3432 Isadcum
1556 3379 1712 3432 istum
1756 3378 1849 3450 qui
