2184 4074
1080 429 1174 468 xv]

303 583 537 659 proxime
610 590 889 655 sequentes
955 596 1062 633 non
1122 580 1372 636 siverunt.
1475 582 1710 639 Tandem
1781 604 1919 642 anno

307 679 492 742 1851,
553 675 863 732 Institutum·
907 673 1134 747 Regium
1189 672 1602 744 Neerlandicum
1652 677 1922 735 sublatum

303 767 734 844 iriaepraesagiens
759 808 774 832 ‚
813 765 1123 821 mandatum
1170 783 1324 838 aegre
1375 766 1634 842 deposuit.

396 861 683 918 Academia
741 860 906 934 Regia
946 856 1299 913 scientiarum
1326 897 1342 924 ,
1406 879 1541 933 quae
1597 861 1788 918 deinde
1825 863 1922 922 In-

303 958 546 1013 stitutum
586 954 812 1028 Regium
870 950 921 1005 N
922 949 1284 1006 cerlandicum
1332 954 1575 1027 excepit,
1634 965 1792 1011 nacta
1844 965 1923 1012 est

302 1050 670 1105 collectionem
721 1054 953 1100 nostram
971 1086 987 1111 ‚
1043 1043 1151 1099 sedv
1183 1062 1306 1098 mox
1350 1038 1615 1111 satisfecit
1661 1046 1920 1104 desiderio

302 1143 445 1199 Clar.
487 1143 524 1198 J
528 1125 817 1215 uynbollii,
859 1138 1111 1194 carissimi
1147 1134 1505 1212 praeceptoris
1534 1158 1706 1214 nuper
1744 1140 1916 1198 eheu!

299 1237 571 1300 defuncti,
627 1233 853 1310 petentis
911 1242 991 1285 ut·
1028 1228 1250 1285 Codices
1311 1229 1604 1288 orientales
1654 1234 1734 1297 in,
1759 1252 1921 1290 usum

301 1328 619 1385 Academiae
654 1324 1176 1400 Lugduno-Bat'avae
1214 1322 1567 1381 traderentur.
1647 1325 1798 1382 Idem
1825 1325 1922 1383 de·-

300 1423 550 1478 siderium
588 1420 687 1475 viri
724 1418 862 1473 Glar.
906 1418 1139 1490 Weijers
1184 1427 1236 1471 et
1277 1417 1417 1472 Veth
1438 1420 1566 1494 jam
1612 1429 1766 1475 antea
1820 1419 1918 1476 In.

299 1518 480 1571 stituto
521 1514 962 1598 significaverant.
1043 1511 1219 1565 Mense
1257 1510 1547 1565 Februario
1588 1512 1755 1601 igitur
1793 1511 1920 1569 anni

303 1612 407 1664 18ἒΞ
413 1612 446 1663 6
489 1607 729 1663 collectio
770 1608 880 1659 228
921 1622 1264 1659 numerorum
1322 1604 1573 1659 translata
1614 1605 1786 1660 esvin
1825 1604 1920 1660 Bi-

297 1701 620 1756 bliothecam
678 1709 950 1763 nostram,
1009 1697 1111 1752 hac
1170 1696 1472 1752 conditione
1497 1739 1511 1764 ‚
1585 1710 1645 1753 ut
1701 1698 1918 1755 Codices

299 1794 505 1850 tamdiu
555 1795 610 1847 in
664 1809 787 1847 usus
844 1790 1160 1853 Academiae
1217 1790 1503 1863 Leydensis
1541 1791 1876 1848 traderentur
1898 1833 1914 1858 ,

299 1886 554 1961 quamdiu
594 1883 1083 1958 Academia‚Begia
1125 1884 1262 1957 ipsos
1304 1902 1413 1937 non
1456 1895 1754 1959 reposceret
1778 1926 1794 1950 ,
1816 1895 1918 1940 >ut-

298 1999 402 2054 que
432 2000 486 2033 ,a
543 1978 758 2052 reliquis
820 1976 1181 2031 Bibliothecae
1238 1976 1524 2049 Leydensis
1593 1976 1880 2034 Codicibus
1897 2019 1915 2043 ,

297 2074 401 2127 suis
440 2072 577 2126 notis
622 2071 919 2125 numerisve
959 2070 1192 2124 distincti
1229 2070 1553 2126 haberentur
1595 2073 1719 2145 (a).
1799 2071 1917 2126 Nu-

295 2166 452 2221 meris
490 2164 571 2218 his
611 2167 720 2219 228
745 2205 761 2228 ,
803 2162 1081 2218 Codicibus
1121 2182 1312 2238 nempe
1353 2163 1614 2219 Semiticis
1639 2206 1654 2230 ,
1697 2164 1916 2219 Persicis

296 2270 348 2313 et
387 2258 623 2313 Turcicis
647 2300 662 2322 ,
703 2268 884 2332 postea
936 2275 1118 2311 omnes
1170 2256 1394 2331 reliqui,
1441 2258 1554 2311 aliis
1608 2257 1673 2310 ab
1713 2256 1794 2311 his
1833 2255 1918 2311 di-

297 2352 455 2406 versis
493 2351 903 2425 linguis.scripti
924 2391 939 2414 ‚
992 2361 1326 2405 accesserunt
1346 2391 1359 2414 ,
1414 2350 1642 2423 exceptis
1666 2359 1914 2406 'tantum-

296 2445 453 2499 modo
503 2450 535 2499 5
580 2444 852 2509 numeriS,
909 2462 969 2497 ex
1013 2442 1225 2497 Willm.
1292 2441 1406 2497 Cat.
1459 2461 1514 2495 n.
1557 2445 1661 2495 251
1709 2440 1802 2513 (b)
1863 2451 1918 2496 et

298 2541 594 2592 254-257
649 2536 746 2610 (c)
772 2578 787 2602 ,
843 2536 935 2609 qui
987 2534 1160 2589 adhuc
1212 2536 1268 2588 in
1322 2533 1651 2589 Bibliotheca
1712 2533 1917 2593 Acade-

296 2632 434 2686 miae
475 2631 672 2704 Regiae
713 2628 1066 2684 scientiarum
1108 2637 1328 2682 exstant.

364 2838 439 2898 (a)
475 2833 586 2882 vid.
627 2833 658 2880 J
662 2830 853 2894 uynboll
873 2869 884 2888 ‚
926 2836 1096 2884 Oratio
1142 2837 1198 2884 de
1242 2836 1453 2886 Codicum
1499 2837 1680 2884 Orione.
1701 2872 1712 2893 ‚
1750 2836 1831 2898 qui
1866 2836 1918 2883 in

298 2905 451 2969 ᾼοιιιῖ.
483 2903 632 2963 Luyd.
666 2904 783 2948 Bat.
812 2908 1085 2964 servantur,
1120 2905 1426 2963 bibliotheca,
1460 2922 1505 2970 p.
1535 2909 1597 2954 22
1630 2909 1678 2953 et
1705 2905 1754 2951 in
1791 2906 1849 2953 Z.
1868 2905 1916 2952 d.

298 2975 363 3022 D.
385 2973 460 3020 M.
485 2973 541 3019 G.
580 2971 651 3028 X,
689 2971 739 3017 S.
773 2972 886 3017 811.

367 3043 437 3101 (b)
476 3040 606 3105 Opus
637 3036 848 3085 Sinicum
883 3041 929 3086 et
959 3039 1270 3104 Japonicum‚
1306 3040 1364 3089 de
1394 3057 1487 3105 quo
1523 3041 1646 3089 conf.
1679 3040 1917 3098 Willmet,

300 3110 465 3158 Sokets
512 3123 602 3155 van
643 3107 729 3153 den
766 3110 899 3154 stant
934 3109 1016 3156 der
1057 3110 1334 3158 Oosterscke
1363 3110 1667 3158 Litteratuur
1694 3108 1747 3156 in
1790 3109 1916 3156 Hol-

299 3177 414 3226 land
430 3177 484 3225 in
517 3176 573 3225 de
602 3173 866 3222 ackttiende
907 3191 1052 3235 eeuw,
1101 3178 1526 3240 (Vm·handelinqen
1559 3193 1649 3226 van
1677 3179 1756 3225 ket
1790 3177 1916 3226 Kon.

300 3246 422 3294 Ned.
462 3243 724 3297 Instituut,
758 3244 916 3303 1820,
951 3243 1047 3309 II„
1071 3263 1117 3310 p.
1151 3248 1440 3308 230—238)
1461 3282 1473 3305 ‚
1510 3246 1613 3296 coll.
1649 3247 1727 3294 het
1769 3244 1917 3294 Insti-

299 3319 435 3370 tuut,
477 3315 630 3368 1843,
666 3328 711 3375 p.
736 3312 815 3359 21.

368 3383 437 3441 (c)
475 3382 601 3428 Sunt
632 3379 941 3442 Manusoripti
980 3382 1158 3431 Latini.
