2184 4074
1057 449 1088 485 X
1095 449 1127 485 V

292 620 405 656 sum
446 603 493 656 ei
508 576 532 666 ι,
576 602 666 674 qui
718 609 947 653 nostram
987 597 1350 653 collectionem
1381 596 1732 672 descripturus
1772 613 1889 668 est,

291 693 453 767 cujus
485 692 707 761 Codices
751 691 984 765 undique
1042 691 1410 745 confluxerunt
1450 699 1503 744 et
1556 694 1707 771 cujus
1768 713 1892 768 apo-

287 786 484 861 grapha
536 786 829 860 saepissime
892 784 1037 838 omni
1096 782 1289 836 indicio
1342 792 1433 835 aut
1483 784 1744 856 scriptoris
1799 796 1891 839 aut

285 881 460 952 fontis,
494 889 690 933 carent.
781 878 921 932 Hinc
970 877 1132 949 igitur
1182 876 1380 928 factum
1440 885 1516 928 est
1543 916 1557 939 ‚
1602 887 1660 929 ut
1720 895 1849 950 opus
1875 919 1889 942 ‚

285 972 432 1028 tarde
462 970 757 1046 procedens
775 1011 789 1034 ‚
834 986 971 1021 anno
1005 967 1220 1021 demum
1243 970 1311 1021 18
1323 971 1388 1022 42
1430 967 1575 1041 prelo
1612 967 1894 1041 subjicere·

282 1075 389 1118 tur.
471 1064 651 1138 Longe
688 1073 865 1116 tamen
901 1060 1068 1113 abfuit
1091 1101 1106 1125 ,
1139 1070 1198 1113 ut
1220 1061 1334 1132 jam
1370 1069 1541 1113 totum
1573 1060 1720 1134 prelo
1760 1072 1893 1115 esset

281 1165 544 1230 paratum.
625 1154 938 1227 Weijersius
964 1194 978 1218 ,
1009 1162 1068 1206 ut
1100 1171 1161 1206 ex
1199 1152 1442 1206 omnibus
1482 1153 1766 1207 certissime
1799 1173 1893 1228 pa-

281 1259 358 1303 tet
379 1289 394 1311 ‚
434 1247 824 1321 opportunitate
863 1245 984 1298 data
1017 1243 1570 1304 tantumelaborabat
1593 1286 1607 1309 ‚
1633 1255 1891 1319 quantum

283 1341 545 1394 sufficeret
584 1339 649 1392 ad
687 1338 956 1412 plagulam
1006 1335 1292 1391 identidem
1340 1337 1477 1410 typis
1515 1338 1889 1394 mandandam.

247 1491 252 1496 ,
283 1433 423 1486 Hinc
462 1451 592 1506 opus
629 1431 776 1506 prelo
816 1430 1114 1502 subjectum
1152 1431 1344 1484 iterum
1383 1429 1528 1483 lento
1564 1429 1730 1503 gradu
1768 1451 1892 1504 pro-

281 1527 470 1590 cessit,
525 1526 597 1577 ita
637 1534 696 1577 ut
733 1542 828 1597 per
866 1541 1028 1576 annos
1074 1525 1214 1575 1842
1257 1532 1309 1576 et
1352 1525 1494 1575 1845
1545 1524 1889 1596 paucissimae

283 1617 608 1671 solummodo
629 1615 874 1690 plagulae
912 1615 1048 1689 typis
1081 1613 1482 1670 excuderentur.
1546 1616 1642 1669 Die
1679 1621 1702 1668 1
1742 1635 1890 1670 men·

280 1711 345 1764 sis
386 1709 578 1784 Aprilis
619 1709 744 1761 anni
785 1711 926 1762 1844
965 1717 1082 1782 post
1126 1707 1372 1761 morbum
1421 1707 1731 1761 diuturnum
1755 1707 1890 1762 vobiit

279 1802 592 1875 Weijersius
617 1842 631 1866 ,
673 1801 795 1853 novi
821 1798 1053 1873 Gatalogi
1094 1801 1310 1873 paginas
1355 1803 1534 1853 1—-64
1576 1801 1884 1874 impressas,

277 1915 333 1968 p.
357 1897 580 1949 64—68
620 1894 766 1968 prelo
808 1892 1071 1965 subjectas
1112 1902 1164 1946 et
1198 1902 1506 1966 apparatum
1548 1891 1889 1964 qualemcun-

279 2006 382 2061 que
427 1989 477 2042 ei
516 1987 816 2061 relinquens
842 2027 856 2051 ,
900 1986 992 2060 qui
1029 1986 1085 2038 in
1133 1995 1399 2059 posterum
1441 1985 1676 2039 laborem
1716 1986 1886 2058 operis

280 2080 626 2134 continuandi
665 2080 966 2153 susciperet.

351 2173 478 2226 Viro
536 2171 676 2227 Clar.
731 2172 789 2225 T.
844 2171 1053 2225 Roorda
1104 2171 1282 2224 multis
1323 2171 1544 2244 negotiis
1582 2190 1705 2224 cum
1751 2190 1886 2224 novo

274 2284 493 2318 munere
513 2306 526 2328 ,
569 2263 710 2336 quod
747 2262 931 2317 eodem
964 2263 1065 2316 hoc
1098 2273 1334 2336 tempore
1372 2263 1427 2315 in
1459 2262 1741 2316 Academia
1764 2263 1884 2317 Del-

273 2357 460 2431 phensi
500 2358 794 2430 auspicatus
837 2366 947 2410 erat
968 2397 983 2420 ,
1026 2356 1323 2427 conjunctis
1344 2396 1358 2418 ,
1401 2355 1590 2411 obruto
1616 2396 1630 2419 ,
1672 2355 1760 2408 hic
1799 2355 1878 2408 la·

273 2451 369 2503 bor
425 2449 609 2504 eodem
681 2468 818 2501 anno
884 2451 1026 2501 1844
1087 2446 1513 2504 committebatur
1570 2447 1679 2500 viro
1741 2445 1882 2502 Clar.

275 2544 335 2598 Ρ.·
378 2543 435 2598 J.
480 2542 635 2597 Veth.
715 2542 864 2595 Licet
898 2540 1031 2594 nihil
1069 2540 1234 2612 magis
1282 2550 1531 2612 exoptans
1581 2558 1741 2612 quam
1780 2539 1885 2593 tale

238 2701 242 2704 .
274 2655 403 2709 opus
453 2636 600 2709 pium
651 2634 706 2686 in
745 2634 1054 2687 memoriam
1103 2631 1338 2704 magistri
1383 2631 1636 2704 perficere
1661 2673 1682 2695 ‚
1719 2650 1884 2685 cunc-

272 2739 445 2782 tanter
500 2739 678 2781 tamen
734 2724 867 2779 Clar.
920 2723 1059 2778 Veth
1117 2722 1426 2775 mandatum
1486 2724 1751 2796 suscepit,
1814 2725 1882 2776 ti-

272 2838 420 2871 mens
446 2860 459 2882 ‚
515 2829 572 2871 ut
612 2816 902 2890 *aliquando
954 2815 1007 2869 id
1046 2815 1290 2889 persequi
1342 2825 1532 2887 posset.
1612 2814 1883 2889 Apparatu

271 2912 412 2964 enim
438 2953 451 2975 ,
514 2931 541 2963 a
594 2910 878 2982 Weijersio
938 2908 1119 2962 relicto
1145 2949 1159 2973 ,
1218 2905 1530 2981 perlustrato
1558 2947 1572 2970 ‚
1634 2907 1683 2959 ei
1726 2918 1883 2982 patu7

271 3013 381 3056 erat
406 3003 783 3068 ,·mandatum
831 2987 964 3054 illud
1009 3001 1311 3075 postulare,
1371 3017 1476 3051 non
1517 3009 1574 3051 ut
1613 3018 1642 3052 e
1688 2999 1881 3053 chartis

269 3096 541 3168 Weijersii
585 3094 868 3148 editionem
915 3104 1156 3159 curaret,
1200 3091 1286 3154 sed
1328 3102 1386 3145 ut
1431 3101 1602 3144 totum
1643 3111 1695 3145 se
1735 3091 1881 3146 daret

272 3187 336 3239 ad
376 3187 741 3241 collectionem
781 3188 1075 3266 universam
1113 3187 1321 3261 penitus
1367 3183 1782 3257 cognoscendam
1828 3196 1880 3240 et

271 3298 362 3332 suo
439 3279 602 3334 Marte
668 3279 1083 3334 describendam.
1187 3279 1352 3332 Tanto
1415 3275 1583 3329 labori
1649 3277 1877 3330 multum

271 3372 516 3445 temporis
570 3370 974 3446 requirebatur,
1036 3370 1174 3446 quod
1222 3389 1344 3425 eum
1402 3367 1704 3443 impendere
1756 3371 1877 3423 anni
