2184 4074
1116 388 1219 440 192

352 561 551 636 σὴψ),
594 554 648 607 in
686 553 838 625 cujus
878 551 1101 625 gratiam
1139 550 1274 606 liber
1325 562 1400 605 est
1441 554 1802 627 conscriptuS,
1843 554 1976 611 mihi

353 647 563 719 ignotus
603 655 698 700 est.
800 642 1083 709 Continet,
1126 643 1206 697 uti
1256 642 1312 696 in
1361 643 1516 699 titulo
1573 644 1662 717 (cf.
1711 646 1977 718 clausula)

356 766 584 841 legitur,
629 752 911 834 &Sum-35
951 763 1173 839 :abiail
1226 787 1360 838 0202?
1386 807 1401 830 ,
1451 765 1643 841 quibus
1679 766 1850 823 verbis
1891 787 1976 823 ar-

351 869 667 932 gumentum
695 857 861 912 fusius
901 867 1109 913 tantum
1142 855 1422 913 indicatur.
1505 857 1552 913 A
1591 878 1710 932 pag.
1751 862 1800 915 1³
1833 859 1976 915 enim

351 953 519 1007 usque
559 934 625 987 ad
662 938 750 988 7³⁰²
773 943 977 988 exstant
1017 933 1189 987 variae
1227 952 1407 1006 preces
1433 975 1447 998 ,
1490 934 1546 987 in
1581 934 1772 1007 quibus
1810 935 1976 990 oratio

350 1009 630 1064 Dominica
677 1020 730 1063 et
771 1028 863 1063 ave
905 1009 1071 1063 Maria
1097 1049 1110 1073 ,
1154 1027 1183 1060 a
1222 1028 1277 1082 p.
1317 1012 1495 1063 7-11
1550 1007 1748 1065 Canon
1786 1010 1978 1085 major

334 1084 525 1156 fidei,
567 1105 607 1139 s.
650 1085 948 1157 symbolum
990 1083 1319 1146 Nicaenum‚
1376 1104 1404 1136 a
1449 1105 1505 1159 p.
1545 1088 1766 1139 11--15
1809 1086 1975 1140 oratio

351 1158 535 1214 Sancti
579 1160 835 1234 Ephraim
875 1159 1033 1232 Syri,
1077 1179 1104 1212 a
1144 1180 1196 1234 p.
1237 1162 1455 1213 15—16
1497 1161 1661 1214 oratio
1696 1180 1757 1215 ex
1786 1160 1840 1216 S.
1877 1161 1976 1217 Jo-

350 1255 488 1290 anne
530 1234 902 1308 Chrysostomo
924 1279 940 1299 ‚
984 1244 1014 1287 a'
1039 1254 1102 1308 p.
1134 1238 1352 1289 16—17
1395 1235 1726 1290 oratiuncula
1767 1235 1831 1289 ad
1854 1236 1977 1290 Vir-

349 1312 529 1385 ginem
569 1331 630 1366 ex
672 1311 725 1366 S.
761 1311 973 1366 Joanne
1008 1310 1334 1365 Damasceno
1355 1352 1368 1376 ,
1413 1331 1441 1363 a
1473 1332 1528 1386 p.
1559 1315 1778 1366 17—18
1811 1313 1976 1366 oratio

352 1386 417 1440 ad
459 1387 732 1461 Virginem
758 1428 772 1452 ,
817 1406 845 1440 a
879 1407 933 1461 p.
963 1389 1185 1441 19—-30
1225 1386 1409 1440 litania
1449 1384 1678 1461 Virginis
1720 1407 1748 1441 e
1783 1407 1976 1442 sermo-

349 1482 418 1517 ne
440 1463 631 1517 Latino
646 1505 660 1529 ‚
685 1482 714 1515 a
734 1483 788 1537 p.
815 1466 1038 1517 51—55
1065 1460 1346 1516 Canticum
1369 1463 1564 1517 Mariae
1580 1504 1595 1528 ‚
1627 1482 1656 1516 a
1676 1480 1728 1537 p.
1753 1467 1974 1517 54—-57

351 1537 634 1593 Canticum
688 1538 1003 1604 Zachariae,
1067 1557 1097 1590 a
1155 1559 1206 1612 p.
1251 1541 1431 1593 58-7
1443 1542 1473 1592 4
1531 1549 1732 1613 septem
1783 1538 1977 1594 Psalmi

348 1614 751 1688 poenitentiales
782 1614 867 1669 Ps.
898 1618 931 1668 6
951 1658 964 1678 ‚
990 1616 1055 1668 51
1083 1655 1097 1679 ,
1123 1617 1221 1677 57,
1246 1617 1316 1668 50
1338 1656 1352 1680 ‚
1380 1617 1481 1668 101
1507 1655 1521 1679 ,
1547 1617 1654 1669 129
1677 1624 1729 1669 et
1757 1617 1878 1668 142.
1900 1645 1978 1656 —

348 1691 565 1745 Praeter
617 1694 689 1743 74
737 1691 957 1764 paginas
1005 1691 1179 1744 textus
1234 1689 1396 1744 Arab.
1450 1690 1504 1742 in
1565 1689 1802 1765 opposita
1852 1689 1976 1745 libri

349 1776 499 1840 parte
539 1770 572 1819 6
615 1766 750 1820 aliae
791 1766 1113 1829 offeruntur,
1156 1765 1344 1820 Latine
1382 1766 1633 1839 scriptae,
1677 1785 1814 1839 quae
1853 1785 1977 1838 con·

349 1841 522 1896 tinent
563 1841 1125 1917 Interpretationem
1157 1845 1487 1894 'orationum
1515 1882 1528 1906 ,
1572 1861 1724 1914 quae
1758 1841 1976 1895 Latine

349 1936 463 1972 non
504 1921 903 1972 inveniuntur.
1003 1917 1067 1971 In
1113 1916 1220 1971 fine
1267 1916 1341 1991 (p.
1384 1917 1441 1987 6)
1483 1917 1618 1971 haec
1664 1915 1968 1971 adduntur:

348 1992 507 2048 Nota
539 1993 695 2066 quod
730 1995 871 2047 liaeo
905 1993 1016 2046 duo
1051 1995 1286 2046 cantica
1320 2000 1376 2046 et
1411 1994 1476 2046 lii
1508 1999 1723 2067 septem
1745 1993 1976 2068 psalmi

337 2070 802 2143 poenitentiales
845 2072 969 2123 sint
1008 2068 1301 2143 descripti
1346 2087 1418 2122 ex
1470 2068 1799 2143 exemplari
1837 2087 1975 2141 quo-

351 2143 485 2197 dam
510 2185 524 2209 ‚
560 2145 716 2217 quod
755 2145 1044 2218 nunquam
1071 2144 1205 2215 fhit
1248 2147 1409 2218 typis
1457 2162 1766 2210 excusum,
1818 2142 1974 2197 vide-

342 2227 450 2273 tur
483 2239 616 2273 vero
658 2240 784 2274 esse
820 2221 1180 2273 translatum
1220 2238 1292 2273 ex
1331 2222 1596 2272 versione
1620 2217 1974 2294 Septuaqin-

351 2302 415 2348 ta
456 2298 843 2371 interpretum
879 2304 935 2349 et
966 2297 1071 2349 illo
1101 2302 1349 2348 utuntur
1381 2294 1690 2349 Ecclesiae
1723 2297 1975 2348 orientis

355 2390 504 2444 quae
555 2372 774 2426 Graeci
819 2380 955 2426 sunt
1005 2374 1182 2424 ritas.
1282 2373 1341 2423 2⁰
1381 2374 1700 2424 versionem
1754 2373 1975 2424 oratio-

350 2466 516 2512 num,
578 2467 749 2521 quam
808 2450 904 2502 liic
962 2450 1374 2524 cippos-nimae,
1433 2466 1559 2501 esse
1609 2446 1693 2500 ad
1747 2447 1974 2500 verbum

338 2522 592 2594 factam.

702 2671 792 2733 M.
880 2671 926 2730 J
931 2670 1179 2731 uridici
1220 2670 1616 2752 argumenti.

995 2835 1065 2890 N.
1123 2834 1326 2890 CLII.

549 2956 636 3024 (Ex
656 2955 830 3006 Willm.
856 2956 951 3003 Cat.
984 2973 1030 3006 n.
1053 2954 1117 3004 40
1137 2992 1149 3014 ‚
1178 2973 1220 3019 p.
1241 2955 1289 3004 9.
1344 2955 1413 3004 Ab
1439 2954 1521 3002 hoc
1549 2957 1694 3002 emtus
1712 2958 1775 3002 est
1811 2971 1835 3003 e
1866 2953 1972 3002 bibl.

623 3027 680 3074 Ε.
720 3022 917 3073 Scheidii
939 3059 951 3082 ,
987 3025 1118 3087 cujus
1153 3023 1252 3072 vide
1286 3023 1427 3073 Catal.
1466 3040 1507 3086 p.
1535 3022 1599 3071 95
1621 3057 1634 3082 ,
1666 3038 1711 3071 n.
1737 3020 1815 3072 47.
1886 3021 1972 3070 liic

623 3112 665 3145 a.
693 3091 823 3142 1767
862 3109 915 3142 ex
949 3091 1134 3141 Oriente
1167 3109 1272 3140 eum
1304 3091 1507 3156 accepit.)

428 3231 602 3289 Codex
627 3235 683 3287 in
713 3232 802 3287 fol.
827 3233 955 3288 min.
976 3274 990 3298 ,
1017 3235 1123 3287 296
1145 3231 1458 3307 paginarum
1476 3270 1491 3295 ,
1516 3227 1744 3283 charact.
1765 3229 1972 3310 &ku-..3

351 3326 623 3381 obscurius
668 3336 720 3382 et
758 3325 1109 3398 negligentius
1145 3325 1366 3397 scriptus
1390 3365 1403 3388 ,
1447 3341 1613 3395 quum
1654 3320 1830 3375 omnia
1863 3322 1972 3376 fere

351 3415 549 3476 puncta
590 3402 859 3457 diacritica
893 3402 1081 3460 desint.
1165 3402 1378 3473 Ligatus
1418 3409 1494 3452 cst
1539 3398 1761 3473 ligatura
1796 3398 1971 3453 orien-
