2184 4074
1032 401 1100 456 17

246 542 546 599 Wilhelmo
567 584 580 607 ‚
622 542 917 616 gratulatur
938 585 953 609 ,
977 541 1275 599 Medicinae
1296 540 1518 596 Doctori
1545 552 1723 598 creato
1746 541 1850 614 (1).

247 621 369 692 Ipse
399 619 490 671 sua
521 637 678 670 manu
704 617 924 690 Syriaco
959 620 1128 672 textui
1160 617 1403 670 Latinam
1435 619 1728 670 versionem
1761 618 1854 669 ad-

241 695 414 766 jecit,
447 693 709 746 sordidius
743 693 1016 766 scriptam.
1056 725 1133 736 —
1166 693 1323 746 Juxta
1357 690 1460 742 hoc
1489 691 1682 744 folium
1708 692 1855 744 aliud

248 779 484 822 servatur
515 769 750 840 ejusdem
791 765 994 821 for'mae
1023 768 1515 839 eademquermanu
1555 767 1814 839 scriptum
1837 808 1852 832 ,

250 843 339 896 sed
373 843 528 915 longe
560 843 754 895 diversi
799 843 1134 916 argumenti:
1175 842 1415 895 continet
1460 842 1603 893 enim
1638 839 1858 914 aphori-

249 937 385 970 smos
423 918 677 990 quosdam
718 917 782 970 ad
825 919 1010 990 praxin
1050 917 1312 970 medicam
1348 926 1679 988 spectantes,
1723 935 1858 988 quo-

247 1009 364 1046 rum
403 1003 676 1045 auctorem
711 1012 765 1044 se
805 994 857 1044 in
901 993 1004 1046 fine
1038 993 1320 1064 profitetur
1371 991 1698 1045 Jelzosolma
1736 991 1859 1042 He-

245 1069 407 1120 schel
433 1067 685 1118 medicus
714 1067 1002 1136 [Judaeus]
1023 1107 1035 1129 ,
1078 1068 1172 1139 qui
1209 1066 1464 1138 temporis
1490 1075 1670 1118 notam
1705 1065 1863 1118 addi-

246 1141 326 1194 dit
366 1162 422 1195 a.
455 1145 568 1196 492>
589 1142 774 1211 juxta
808 1145 1267 1213 supputationem
1301 1143 1572 1192 minorem
1596 1181 1609 1204 ,
1652 1141 1705 1192 id
1740 1151 1816 1193 est
1838 1181 1852 1204 ,

245 1236 294 1285 a.
330 1215 533 1271 Christi
574 1219 737 1270 1732.
819 1218 1043 1268 'Videtur
1088 1235 1214 1287 ergo
1251 1215 1308 1269 J.
1345 1216 1414 1268 H.
1459 1213 1750 1267 Schaafz'us
1791 1215 1858 1267 ad

243 1291 462 1344 fratrem
511 1310 699 1354 suum,
757 1309 922 1362 quum
970 1290 1074 1344 hoc
1120 1291 1236 1363 ipso
1287 1309 1425 1342 anno
1472 1300 1563 1342 aut
1614 1291 1860 1362 sequenti

241 1365 387 1420 Med.
436 1366 637 1419 Doctor
683 1366 1112 1430 renuntiaretur,
1172 1384 1274 1417 una
1322 1383 1444 1417 cum
1492 1366 1729 1417 carmine
1762 1384 1857 1418 suo

241 1440 592 1514 gratulatorio
633 1439 1000 1512 apographum
1035 1441 1235 1492 misisse
1283 1439 1477 1492 horum
1523 1439 1857 1512 aphorismo-

242 1533 398 1581 rum,
456 1515 551 1587 qui
606 1514 828 1586 quidem
887 1515 989 1586 ipsi
1051 1513 1505 1567 animadversione
1558 1514 1857 1587 dignissimi

242 1589 342 1642 visi
374 1589 504 1643 sint.
602 1590 691 1643 5⁰.
733 1588 1000 1661 denique,
1042 1589 1276 1662 ejusdem
1315 1607 1527 1642 carmen
1572 1588 1856 1660 Syriacum

243 1667 314 1717 24
349 1662 691 1735 stropharum
739 1663 1206 1728 tetrasticharum,
1248 1664 1300 1716 in
1345 1663 1605 1716 honorem
1645 1664 1856 1716 Princi-

241 1739 324 1810 pis
375 1738 651 1791 Arausiaci
701 1737 1007 1802 Nassovici‚
1067 1737 1355 1791 Wilhelmi
1407 1737 1586 1791 Caroli
1634 1738 1858 1791 Henrici

242 1812 478 1866 Frisonis
499 1854 511 1874 ,
544 1813 651 1864 sive
676 1811 955 1866 Guilielmi
984 1810 1113 1877 IV.',
1148 1832 1311 1884 quum
1348 1811 1686 1865 Gubernator
1719 1814 1858 1866 Foe-

241 1885 413 1939 derati
446 1887 621 1960 Belgii
661 1896 713 1938 et
753 1887 871 1939 Dux
913 1889 1052 1940 terra
1083 1889 1327 1959 marique
1349 1886 1640 1959 Supremus
1678 1887 1853 1940 dictus

239 1972 395 2016 esset.
474 1961 631 2018 Unde
663 1980 788 2034 ergo
820 1973 1079 2034 apparet,
1116 1980 1279 2034 quum
1312 1963 1438 2013 anni
1467 1972 1593 2014 nota
1623 1982 1729 2015 non
1763 1963 1858 2014 ad·

239 2036 352 2088 dita
386 2036 488 2101 sit,
546 2036 600 2089 id
633 2055 846 2088 carmen
893 2057 940 2092 a.
981 2041 1119 2090 1747
1163 2037 1322 2089 fuisse
1363 2037 1754 2109 compositum:
1799 2039 1858 2092 in

238 2111 632 2182 subscriptione
678 2129 802 2162 vero
848 2109 930 2163 his
965 2112 1139 2164 verbis
1177 2130 1230 2164 se
1267 2121 1453 2164 auctor
1499 2111 1771 2184 designat:
1816 2133 1855 2165 a

239 2182 376 2240 Joh.
410 2186 494 2240 H.
522 2185 585 2240 S.
610 2227 624 2250 ‚
674 2184 882 2239 Caroli
917 2186 1088 2258 Prof.
1117 2186 1285 2250 filio,
1327 2187 1854 2257 quondam-Philo-

242 2261 409 2332 log·0,
462 2280 609 2312 nunc
657 2259 905 2312 Doctore
951 2260 1223 2324 Medico,
1280 2268 1335 2311 et
1389 2260 1527 2314 Cive
1576 2262 1855 2314 Prae-lico

240 2335 780 2387 Amsteledamensz'.
874 2334 1037 2388 Juxta
1077 2333 1180 2386 hoc
1229 2334 1400 2387 nitide
1441 2345 1711 2388 exaratum
1765 2354 1854 2388 ex-

235 2409 471 2481 emplum
509 2410 654 2480 jacet
691 2408 919 2461 alterum
963 2409 1227 2461 sordidius
1250 2449 1262 2470 ,
1298 2428 1459 2462 manu
1492 2410 1655 2481 ipsius
1690 2411 1851 2475 etiam

238 2481 493 2537 Schaafz'z'
517 2484 775 2554 scriptum
799 2523 812 2546 ,
838 2483 894 2535 in
924 2503 1030 2556 quo
1049 2483 1282 2557 Syriacis
1311 2484 1584 2538 vocabulis
1604 2485 1852 2539 Latinam

236 2555 737 2631 interpretationem
767 2557 985 2630 adjecit.

308 3013 378 3079 (1)
417 3014 523 3063 Dies
557 3021 601 3063 et
638 3033 782 3064 annus
815 3032 908 3064 non
958 3017 1100 3064 notati
1138 3022 1274 3074 sunt3
1321 3032 1483 3065 verum
1518 3032 1622 3063 cum
1657 3021 1852 3064 matrem

233 3098 363 3130 suam
391 3082 465 3129 hic
494 3084 675 3130 viduam
708 3084 927 3147 appellet,
964 3083 1142 3131 evidens
1178 3089 1267 3142 est,
1305 3083 1351 3131 id
1391 3099 1574 3131 carmen
1605 3089 1725 3130 certe
1740 3091 1852 3146 post

233 3165 401 3196 annum
431 3155 563 3196 5729
591 3150 844 3199 confectum
874 3167 983 3199 esse.
1052 3151 1115 3198 Et
1145 3166 1252 3198 cum
1288 3149 1337 3198 in
1371 3150 1578 3213 epistola,
1608 3168 1744 3215 quam
1775 3150 1847 3197 die

240 3215 324 3261 15Ο
372 3215 492 3278 Sept.
554 3232 595 3264 a.
642 3216 767 3264 1733
816 3217 872 3266 ad
917 3217 1190 3281 Episcopum
1235 3217 1612 3264 Maha-Thomam
1672 3217 1849 3280 scripsit

216 3280 315 3338 ι(Ν.
343 3281 460 3328 VIII
480 3317 492 3339 ‚
512 3280 587 3344 70)
607 3319 619 3339 ‚
655 3283 711 3330 de
746 3284 901 3332 eodem
935 3283 1012 3331 illo
1046 3285 1186 3332 fratre
1222 3287 1271 3331 ut
1301 3284 1434 3334 Med.
1463 3284 1660 3331 Doctore
1686 3284 1848 3349 loqua-

220 3352 338 3424 tur,
369 3348 504 3397 simul
535 3349 639 3399 inde
667 3357 873 3417 apparet,
898 3352 998 3415 jam
1029 3359 1133 3399 ante
1163 3352 1216 3399 z'd
1239 3358 1411 3418 tempus
1442 3350 1553 3398 illud
1587 3351 1815 3403 exstitisse.

1503 3457 1533 3507 3
