2184 4074
1019 410 1074 446 xl

311 557 463 613 Anno
508 555 650 606 1800
710 551 1011 603 W'illmctus
1058 548 1435 610 bibliothecam
1491 550 1631 603 auxit
1675 553 1737 603 41
1783 549 1848 602 li-

234 651 338 703 bris
379 650 499 704 Mss.
530 690 542 712 ,
597 664 775 700 mense
836 643 981 717 Sept.
1039 634 1369 716 Mediobui·gi
1414 643 1583 696 emtis,
1675 642 1848 696 Pristi·

234 761 332 796 nus
370 760 550 796 eorum
584 756 841 814 possessor
874 738 930 790 J.
966 737 1023 791 J.
1060 737 1124 790 de
1167 737 1329 790 Bruin
1351 778 1363 800 ,
1411 736 1607 790 Consul
1647 735 1850 790 Medio-

233 835 537 909 burgensiS‚
593 833 687 886 hos
736 833 843 887 fere
897 850 1076 884 omnes
1129 831 1226 884 sibi
1274 839 1664 903 comparaverat
1705 848 1732 882 e
1772 827 1852 880 bi-
1890 843 1894 854 ¹

233 928 515 982 bliotheca·
559 928 651 980 viri
713 924 852 979 Clar.
897 923 1079 976 Jacobi
1142 923 1458 982 Willemsen
1485 964 1497 986 ,
1561 920 1700 974 Prof.
1746 919 1854 973 Me-

235 1020 377 1073 diob.
409 1062 421 1083 ,
466 1038 601 1072 anno
642 1020 776 1071 1781
827 1015 1075 1089 Lugduni
1117 1015 1433 1068 Batavorum
1473 1013 1702 1068 venditit.
1787 1000 1856 1064 Hi

236 1112 453 1167 Codices
480 1154 493 1176 ,
542 1113 692 1164 'inter
745 1129 874 1182 quos
915 1112 948 1162 8
987 1108 1286 1181 apographa
1336 1108 1399 1161 G.
1444 1109 1499 1161 J.
1545 1106 1718 1160 Lettei
1768 1105 1850 1174 (a)

236 1206 570 1280 reperiuntur
596 1246 609 1268 ,
667 1223 770 1255 non
813 1203 1026 1274 majoris
1067 1201 1218 1274 pretii
1273 1210 1394 1253 sunt
1449 1219 1608 1271 quam
1662 1197 1855 1275 Schul-

238 1299 497 1361 tensium,
552 1296 707 1349 modo
761 1296 903 1349 dicti.
985 1294 1144 1367 Digni
1199 1304 1376 1347 tamen
1418 1302 1538 1345 sunt
1563 1333 1577 1356 ‚
1620 1289 1685 1343 ad
1726 1307 1854 1362 quos

236 1390 563 1453 attendatur,
588 1389 794 1440 numeri
831 1386 957 1451 cx,
993 1384 1199 1449 cxm,
1226 1371 1496 1439 CLXXVI
1517 1394 1568 1437 et
1591 1381 1849 1446 ccvl11‚;

234 1483 373 1552 conf.
437 1483 594 1536 etiam
647 1501 701 1534 n.
748 1480 928 1542 LXV,
976 1478 1200 1541 CXXX,
1258 1475 1536 1540 CXXXV,
1595 1472 1852 1537 CXCIV,

233 1571 934 1630 CCXXXII-CCXXXVI
973 1583 1025 1626 et
1067 1570 1248 1625 CCLI.

312 1667 466 1721 Anno
505 1669 639 1719 1801
702 1666 1002 1718 collectioni
1043 1674 1249 1717 nostrae
1306 1668 1335 1716 7
1374 1673 1579 1716 tantum
1636 1660 1854 1715 Codices

237 1771 601 1823 accesserunt,
656 1778 834 1811 mense
882 1757 1038 1813 Febr.
1082 1756 1367 1828 Duisburgi
1419 1756 1547 1809 emti
1594 1774 1622 1808 e
1663 1753 1855 1807 biblio-

236 1854 389 1908 thecfi
431 1853 528 1905 viri
564 1850 703 1905 Clar.
748 1852 802 1905 J.
842 1851 900 1903 P.
947 1851 1115 1922 Berg,
1175 1849 1310 1901 Hist.
1356 1847 1560 1900 Eccles.
1604 1857 1656 1900 et
1696 1847 1851 1918 Ling.

238 1947 440 2002 Orient.
485 1945 625 1999 Prof.
709 1943 846 1998 Sunt
885 1946 918 1996 6
969 1943 1120 1996 exilia
1162 1939 1460 2015 apographa
1512 1939 1672 2012 ipsius
1730 1939 1855 1992 Ber⁴

233 2041 305 2113 gii
344 2050 395 2093 et
437 2057 570 2091 unus
614 2035 787 2091 Codex
827 2036 975 2110 parvi
1014 2035 1288 2088 momenti.

309 2130 463 2184 Anno
507 2134 649 2184 1804
693 2140 876 2182 contra
922 2130 1180 2201 insignem
1237 2125 1492 2181 Codicum
1530 2144 1810 2178 numerum
1839 2166 1852 2188 ,
1944 2188 1945 2194 1

233 2243 424 2297 nempe
467 2228 569 2286 47,
625 2233 809 2275 nactus
851 2232 927 2274 est
971 2221 1282 2273 WVillmetus
1329 2239 1357 2272 e
1397 2218 1718 2271 bibliotheca
1762 2218 1855 2270 viri

236 2314 374 2370 Clar.
430 2315 496 2369 D.
548 2314 613 2366 A.
672 2314 1000 2373 Walraven‚
1064 2313 1117 2364 in
1176 2311 1448 2364 Athenaeo
1523 2309 1854 2363 Amstelodar

233 2408 399 2462 mensi
438 2406 564 2479 ling.
609 2404 811 2459 Orient.
848 2405 1182 2465 ,Professoris
1265 2403 1651 2475 Manuscripta,
1693 2403 1747 2454 in
1788 2402 1855 2455 li-

233 2499 460 2553 brorum
508 2498 820 2555 VValraveni
859 2495 1123 2570 «Catalogo
1163 2517 1216 2569 p.
1257 2500 1386 2548 55-
1408 2498 1474 2548 57
1525 2487 1813 2548 memorata
1838 2536 1852 2558 ,

237 2593 411 2646 omnia
438 2633 450 2655 ,
502 2590 728 2663 exceptis
769 2600 974 2642 tantum
1027 2588 1258 2642 numeris
1299 2591 1332 2641 8
1373 2597 1425 2641 et
1466 2589 1536 2640 36
1581 2586 1686 2659 (ὂ),
1728 2581 1857 2647 emit

234 2689 305 2739 60
349 2683 558 2736 florenis
600 2681 890 2735 Hollandis.
975 2682 1206 2735 Pretium
1249 2698 1532 2752 sanequam
1585 2697 1691 2731 non
1739 2666 1853 2755 ma-

303 2925 379 2983 (a)
417 2924 476 2972 G.
515 2925 562 2972 J.
599 2926 765 2981 Lette‚
818 2941 846 2970 a
902 2926 1029 2975 1725
1088 2926 1258 2979 natus,
1306 2920 1470 2968 studiis
1509 2921 1741 2983 peractis,
1793 2920 1853 2969 ab

236 3008 279 3039 a.
319 2994 448 3042 1747
486 2993 535 3039 in
561 3009 681 3056 pago
716 2991 1025 3053 Valkenburg
1061 2996 1108 3039 et
1144 2990 1312 3038 deinde
1342 2989 1402 3036 ab
1431 3005 1471 3036 a.
1497 2991 1625 3039 1750
1657 2989 1706 3035 in
1737 2988 1852 3036 urbe

217 3059 470 3107 ·Zierikzee
496 3076 687 3107 munere
718 3059 864 3108 Verbi
894 3059 1055 3107 Divini
1093 3058 1301 3106 Ministri
1336 3057 1527 3104 functus
1563 3059 1649 3105 est.
1720 3055 1853 3104 Obiit

187 3151 189 3153 ·
235 3127 285 3173 in
310 3127 401 3173 hae
434 3127 549 3175 urbe
584 3129 630 3176 d.
671 3132 733 3175 21
762 3145 825 3176 m.
864 3127 1053 3176 Oct.'a.
1086 3129 1234 3177 1760.
1300 3165 1302 3169 .

304 3196 373 3254 (b)
410 3195 450 3241 E
482 3196 711 3258 Catalogo
745 3200 905 3243 tamen
936 3195 1161 3243 Codicum
1181 3193 1434 3247 Willmeti‚
1463 3192 1512 3239 in
1534 3209 1583 3239 n.
1603 3191 1852 3238 CCLVIII

235 3260 403 3338 obyip,
439 3264 669 3323 efficeres,
718 3281 824 3311 cum
869 3263 1104 3327 quondam
1150 3263 1275 3309 hunc
1311 3259 1451 3308 etiam
1491 3274 1736 3307 numerum
1773 3276 1851 3307 ac-

235 3345 491 3392 qutslwssc.
965 3346 967 3349 ·
